[
  {
    "id": "11446",
    "name": "Filetitos de Pechuga Congelado 700 g",
    "brand": "Super Pollo",
    "category": "carnes-y-pescados",
    "price": 7590,
    "price_original": null,
    "currency": "CLP",
    "size": null,
    "unit_price": 10843,
    "image_url": "https://jumbocl.vteximg.com.br/arquivos/ids/537881-250-250/Filetitos-de-Pechuga-Congelado-700-g.jpg?v=638984611309100000",
    "productUrl": "https://www.jumbo.cl/filetitos-de-pechuga-super-pollo-congelado-700-g/p",
    "in_stock": true,
    "promo_text": "Paga $5.490",
    "sku": "11446",
    "rating": 4.8,
    "description": null
  },
  {
    "id": "157901",
    "name": "Pechuga de Pollo Deshuesada 750 g",
    "brand": "Super Pollo",
    "category": "carnes-y-pescados",
    "price": 7590,
    "price_original": null,
    "currency": "CLP",
    "size": null,
    "unit_price": 10120,
    "image_url": "https://jumbocl.vteximg.com.br/arquivos/ids/540265-250-250/Pechuga-de-Pollo-Deshuesada-750-g.jpg?v=638985725669200000",
    "productUrl": "https://www.jumbo.cl/pechuga-desh-pollo-iqf-super-750g-2050884/p",
    "in_stock": true,
    "promo_text": "Paga $5.490",
    "sku": "157901",
    "rating": null,
    "description": null
  },
  {
    "id": "139015",
    "name": "Carne Molida Vacuno 4% Grasa 500 g",
    "brand": "Cuisine & Co",
    "category": "carnes-y-pescados",
    "price": 7690,
    "price_original": null,
    "currency": "CLP",
    "size": null,
    "unit_price": 13000,
    "image_url": "https://jumbocl.vteximg.com.br/arquivos/ids/330685-250-250/MOLIDA-VACUNO-4-.jpg?v=638813019408730000",
    "productUrl": "https://www.jumbo.cl/molida-vacuno-4/p",
    "in_stock": true,
    "promo_text": "Lleva 2 por $13.000",
    "sku": "139015",
    "rating": 4.9,
    "description": null
  },
  {
    "id": "137417",
    "name": "Carne Molida Vacuno 10% Grasa 500 g",
    "brand": "Cuisine & Co",
    "category": "carnes-y-pescados",
    "price": 5790,
    "price_original": null,
    "currency": "CLP",
    "size": null,
    "unit_price": 10000,
    "image_url": "https://jumbocl.vteximg.com.br/arquivos/ids/328210-250-250/CARNE-MOLIDA-10-.jpg?v=638776430638230000",
    "productUrl": "https://www.jumbo.cl/carne-molida-vacuno-10-500g-prodj-1995701/p",
    "in_stock": true,
    "promo_text": "Lleva 2 por $10.000",
    "sku": "137417",
    "rating": 4.7,
    "description": null
  },
  {
    "id": "49984",
    "name": "Salmón Filete Fresco kg",
    "brand": "Pescadería Jumbo",
    "category": "carnes-y-pescados",
    "price": 10495,
    "price_original": null,
    "currency": "CLP",
    "size": null,
    "unit_price": 20990,
    "image_url": "https://jumbocl.vteximg.com.br/arquivos/ids/308164-250-250/Salmon-Filete-Fresco-kg.jpg?v=638776386359330000",
    "productUrl": "https://www.jumbo.cl/salmon-granel/p",
    "in_stock": true,
    "promo_text": null,
    "sku": "49984",
    "rating": 4.7,
    "description": null
  },
  {
    "id": "127775",
    "name": "Carne Molida Vacuno 4% Grasa Congelada 500 g",
    "brand": "Cuisine & Co",
    "category": "carnes-y-pescados",
    "price": 7090,
    "price_original": null,
    "currency": "CLP",
    "size": null,
    "unit_price": 14180,
    "image_url": "https://jumbocl.vteximg.com.br/arquivos/ids/393544-250-250/CARNE-M-VAC-CONG4-.jpg?v=638776875036670000",
    "productUrl": "https://www.jumbo.cl/carne-molida-de-vacuno-congelada-4-c-and-co-1941140/p",
    "in_stock": true,
    "promo_text": "Paga $5.318",
    "sku": "127775",
    "rating": 4.5,
    "description": null
  },
  {
    "id": "113497",
    "name": "Pechuga Entera de Pollo kg",
    "brand": "Granel",
    "category": "carnes-y-pescados",
    "price": 5121,
    "price_original": null,
    "currency": "CLP",
    "size": null,
    "unit_price": 5690,
    "image_url": "https://jumbocl.vteximg.com.br/arquivos/ids/380477-250-250/Pechuga-de-pollo-entera-kg.jpg?v=638776823374730000",
    "productUrl": "https://www.jumbo.cl/pechuga-de-pollo-entera-kg/p",
    "in_stock": true,
    "promo_text": null,
    "sku": "113497",
    "rating": 4.6,
    "description": null
  },
  {
    "id": "139014",
    "name": "Carne Molida Vacuno 7% Grasa 500 g",
    "brand": "Cuisine & Co",
    "category": "carnes-y-pescados",
    "price": 6690,
    "price_original": null,
    "currency": "CLP",
    "size": null,
    "unit_price": 11000,
    "image_url": "https://jumbocl.vteximg.com.br/arquivos/ids/331597-250-250/MOLIDA-VACUNO-7-.jpg?v=638800622205300000",
    "productUrl": "https://www.jumbo.cl/molida-vacuno-7/p",
    "in_stock": true,
    "promo_text": "Lleva 2 por $11.000",
    "sku": "139014",
    "rating": 4.7,
    "description": null
  },
  {
    "id": "10582",
    "name": "Tuto Corto Super Pollo 800 g Aprox",
    "brand": "Super Pollo",
    "category": "carnes-y-pescados",
    "price": 3992,
    "price_original": null,
    "currency": "CLP",
    "size": null,
    "unit_price": 4990,
    "image_url": "https://jumbocl.vteximg.com.br/arquivos/ids/540281-250-250/Tuto-Corto-Super-Pollo-800-g-Aprox.jpg?v=638985725715630000",
    "productUrl": "https://www.jumbo.cl/trutro-corto-super-pollo-bandeja-1-l-aprox-2/p",
    "in_stock": true,
    "promo_text": null,
    "sku": "10582",
    "rating": 4.8,
    "description": null
  },
  {
    "id": "242",
    "name": "Pechuga Deshuesada 850 g",
    "brand": "Super Pollo",
    "category": "carnes-y-pescados",
    "price": 7290,
    "price_original": 7990,
    "currency": "CLP",
    "size": null,
    "unit_price": 8576,
    "image_url": "https://jumbocl.vteximg.com.br/arquivos/ids/537907-250-250/Pechuga-Deshuesada-850-g.jpg?v=638984611545370000",
    "productUrl": "https://www.jumbo.cl/pechuga-deshuesada-de-pollo-super-pollo-1-kg-aprox-bandeja/p",
    "in_stock": true,
    "promo_text": null,
    "sku": "242",
    "rating": 4.7,
    "description": null
  },
  {
    "id": "139008",
    "name": "Lomo Liso Americana Farmers Al Vacío kg",
    "brand": "Farmers",
    "category": "carnes-y-pescados",
    "price": 31188,
    "price_original": null,
    "currency": "CLP",
    "size": null,
    "unit_price": 25990,
    "image_url": "https://jumbocl.vteximg.com.br/arquivos/ids/331326-250-250/Lomo-Liso-Americana-Farmers-Al-Vacio-kg.jpg?v=638787654238670000",
    "productUrl": "https://www.jumbo.cl/lomo-liso-americana-farmers-al-vacio-kg/p",
    "in_stock": true,
    "promo_text": null,
    "sku": "139008",
    "rating": 5,
    "description": null
  },
  {
    "id": "11509",
    "name": "Pechuga Pollo Entera kg",
    "brand": "Super Pollo",
    "category": "carnes-y-pescados",
    "price": 5391,
    "price_original": 5841,
    "currency": "CLP",
    "size": null,
    "unit_price": 5990,
    "image_url": "https://jumbocl.vteximg.com.br/arquivos/ids/540273-250-250/Pechuga-Pollo-Entera-kg.jpg?v=638985725688930000",
    "productUrl": "https://www.jumbo.cl/pechuga-entera-super-pollo/p",
    "in_stock": true,
    "promo_text": "Paga $4.941",
    "sku": "11509",
    "rating": 4.5,
    "description": null
  },
  {
    "id": "11482",
    "name": "Posta Negra Al Vacío kg",
    "brand": "Carnicería Propia",
    "category": "carnes-y-pescados",
    "price": 19664,
    "price_original": null,
    "currency": "CLP",
    "size": null,
    "unit_price": 12290,
    "image_url": "https://jumbocl.vteximg.com.br/arquivos/ids/302389-250-250/Posta-Negra-Al-Vacio-kg.jpg?v=638776376035630000",
    "productUrl": "https://www.jumbo.cl/posta-negra-cat-v/p",
    "in_stock": true,
    "promo_text": "Paga $14.384",
    "sku": "11482",
    "rating": 4.5,
    "description": null
  },
  {
    "id": "78652",
    "name": "Filetitos de Pollo Deshuesados y Sin Piel 530 g",
    "brand": "Super Pollo",
    "category": "carnes-y-pescados",
    "price": 5190,
    "price_original": null,
    "currency": "CLP",
    "size": null,
    "unit_price": 9792,
    "image_url": "https://jumbocl.vteximg.com.br/arquivos/ids/310815-250-250/Filetitos-de-Pollo-Deshuesados-y-Sin-Piel-530-g.jpg?v=638776392307130000",
    "productUrl": "https://www.jumbo.cl/filete-de-pollo-super-pollo-530-gr-pet/p",
    "in_stock": true,
    "promo_text": "Paga $4.090",
    "sku": "78652",
    "rating": 4.4,
    "description": null
  },
  {
    "id": "24228",
    "name": "Pechuga Deshuesada Don Pollo kg",
    "brand": "Don Pollo",
    "category": "carnes-y-pescados",
    "price": 5661,
    "price_original": 6291,
    "currency": "CLP",
    "size": null,
    "unit_price": 6290,
    "image_url": "https://jumbocl.vteximg.com.br/arquivos/ids/354905-250-250/Pechuga-de-pollo-deshuesada-kg.jpg?v=638776704314430000",
    "productUrl": "https://www.jumbo.cl/pechuga-deshuesada-de-pollo-don-pollo-granel/p",
    "in_stock": true,
    "promo_text": null,
    "sku": "24228",
    "rating": 4.6,
    "description": null
  },
  {
    "id": "137414",
    "name": "Bistec Posta Rosada Bandeja 300 g",
    "brand": "Cuisine & Co",
    "category": "carnes-y-pescados",
    "price": 6147,
    "price_original": null,
    "currency": "CLP",
    "size": null,
    "unit_price": 20490,
    "image_url": "https://jumbocl.vteximg.com.br/arquivos/ids/328106-250-250/BISTEC-POS-ROS-V-A.jpg?v=638776430544700000",
    "productUrl": "https://www.jumbo.cl/bistec-posta-rosada-v-atm-prodj-kg-1995236-kg/p",
    "in_stock": true,
    "promo_text": null,
    "sku": "137414",
    "rating": 4.5,
    "description": null
  },
  {
    "id": "127764",
    "name": "Carne Molida Vacuno 10% Grasa Congelada 500 g",
    "brand": "Cuisine & Co",
    "category": "carnes-y-pescados",
    "price": 5290,
    "price_original": null,
    "currency": "CLP",
    "size": null,
    "unit_price": 10580,
    "image_url": "https://jumbocl.vteximg.com.br/arquivos/ids/393546-250-250/CARNE-M-VA-CONG10-.jpg?v=638776875039470000",
    "productUrl": "https://www.jumbo.cl/carne-molida-vacuno-congelado-10-500-g/p",
    "in_stock": true,
    "promo_text": null,
    "sku": "127764",
    "rating": 4.5,
    "description": null
  },
  {
    "id": "62499",
    "name": "Tuto Corto Super Pollo Iqf 800 g",
    "brand": "Super Pollo",
    "category": "carnes-y-pescados",
    "price": 3590,
    "price_original": 4390,
    "currency": "CLP",
    "size": null,
    "unit_price": 4488,
    "image_url": "https://jumbocl.vteximg.com.br/arquivos/ids/537925-250-250/Tuto-Corto-Super-Pollo-Iqf-800-g.jpg?v=638984611657630000",
    "productUrl": "https://www.jumbo.cl/tuto-corto-super-pollo/p",
    "in_stock": true,
    "promo_text": null,
    "sku": "62499",
    "rating": 4.4,
    "description": null
  },
  {
    "id": "123449",
    "name": "Baby Back Ribs Cerdo Cuisine & Co Congelada kg",
    "brand": "Cuisine & Co",
    "category": "carnes-y-pescados",
    "price": 5495,
    "price_original": null,
    "currency": "CLP",
    "size": null,
    "unit_price": 10990,
    "image_url": "https://jumbocl.vteximg.com.br/arquivos/ids/388876-250-250/BABY-BACK-RIBS-CONG-CUISINE-CO-KG.jpg?v=638776857845270000",
    "productUrl": "https://www.jumbo.cl/baby-back-ribs-cong-cuisine-and-co-kg-1930843-kg/p",
    "in_stock": true,
    "promo_text": "Paga $4.121",
    "sku": "123449",
    "rating": 4.7,
    "description": null
  },
  {
    "id": "11430",
    "name": "Tártaro 3% Grasa kg",
    "brand": "Carnicería Propia",
    "category": "carnes-y-pescados",
    "price": 7740,
    "price_original": null,
    "currency": "CLP",
    "size": null,
    "unit_price": 15480,
    "image_url": "https://jumbocl.vteximg.com.br/arquivos/ids/350882-250-250/Tartaro-3--grasa-elaboracion-propia-aprox-500-g.jpg?v=638776683109570000",
    "productUrl": "https://www.jumbo.cl/carne-molida-t-rtaro-vacuno-3-grasa/p",
    "in_stock": true,
    "promo_text": null,
    "sku": "11430",
    "rating": 4.7,
    "description": null
  },
  {
    "id": "63101",
    "name": "Atún Filete kg",
    "brand": "Pescadería Jumbo",
    "category": "carnes-y-pescados",
    "price": 7995,
    "price_original": null,
    "currency": "CLP",
    "size": null,
    "unit_price": 15990,
    "image_url": "https://jumbocl.vteximg.com.br/arquivos/ids/309665-250-250/Atun-Filete-kg.jpg?v=638776389653570000",
    "productUrl": "https://www.jumbo.cl/atun-filete-prov-kg/p",
    "in_stock": true,
    "promo_text": null,
    "sku": "63101",
    "rating": 4.8,
    "description": null
  },
  {
    "id": "137419",
    "name": "Escalopa Posta Negra Bandeja 300 g",
    "brand": "Cuisine & Co",
    "category": "carnes-y-pescados",
    "price": 6147,
    "price_original": null,
    "currency": "CLP",
    "size": null,
    "unit_price": 20490,
    "image_url": "https://jumbocl.vteximg.com.br/arquivos/ids/500505-250-250/Escalopa-Posta-Negra-Bandeja-300-g.jpg?v=638918245501630000",
    "productUrl": "https://www.jumbo.cl/escalopa-posta-negra-v-atm-prod-kg-j-1995696-kg/p",
    "in_stock": true,
    "promo_text": null,
    "sku": "137419",
    "rating": 4.3,
    "description": null
  },
  {
    "id": "113498",
    "name": "Trutro Entero de Pollo kg",
    "brand": "Granel",
    "category": "carnes-y-pescados",
    "price": 4090,
    "price_original": null,
    "currency": "CLP",
    "size": null,
    "unit_price": 4090,
    "image_url": "https://jumbocl.vteximg.com.br/arquivos/ids/380473-250-250/260431-KG-01_96580.jpg?v=638776823372230000",
    "productUrl": "https://www.jumbo.cl/trutro-entero-de-pollo-kg/p",
    "in_stock": true,
    "promo_text": null,
    "sku": "113498",
    "rating": 4.5,
    "description": null
  },
  {
    "id": "11484",
    "name": "Posta Rosada Al Vacío kg",
    "brand": "Carnicería Propia",
    "category": "carnes-y-pescados",
    "price": 19664,
    "price_original": null,
    "currency": "CLP",
    "size": null,
    "unit_price": 12290,
    "image_url": "https://jumbocl.vteximg.com.br/arquivos/ids/302471-250-250/Posta-Rosada-Al-Vacio-kg.jpg?v=638776376099400000",
    "productUrl": "https://www.jumbo.cl/posta-rosada-cat-v/p",
    "in_stock": true,
    "promo_text": "Paga $14.384",
    "sku": "11484",
    "rating": 3.5,
    "description": null
  },
  {
    "id": "88932",
    "name": "Pechuga de Pollo Deshuesada Ariztía Sin Piel 850 g",
    "brand": "Ariztía",
    "category": "carnes-y-pescados",
    "price": 6990,
    "price_original": 7690,
    "currency": "CLP",
    "size": null,
    "unit_price": 8224,
    "image_url": "https://jumbocl.vteximg.com.br/arquivos/ids/366875-250-250/Pechuga-deshuesada-de-pollo-sin-piel-850-g.jpg?v=638776765266000000",
    "productUrl": "https://www.jumbo.cl/pechuga-deshuesada-de-pollo-sin-piel-850-g/p",
    "in_stock": true,
    "promo_text": null,
    "sku": "88932",
    "rating": 4.5,
    "description": null
  },
  {
    "id": "11488",
    "name": "Sobrecostilla Al Vacío kg",
    "brand": "Carnicería Propia",
    "category": "carnes-y-pescados",
    "price": 11427,
    "price_original": 14287,
    "currency": "CLP",
    "size": null,
    "unit_price": 8790,
    "image_url": "https://jumbocl.vteximg.com.br/arquivos/ids/302669-250-250/Sobrecostilla-Al-Vacio-kg.jpg?v=638985516601370000",
    "productUrl": "https://www.jumbo.cl/sobrecostilla-cat-v/p",
    "in_stock": true,
    "promo_text": null,
    "sku": "11488",
    "rating": 3.9,
    "description": null
  },
  {
    "id": "137411",
    "name": "Bistec Lomo Liso Bandeja 300 g",
    "brand": "Cuisine & Co",
    "category": "carnes-y-pescados",
    "price": 7497,
    "price_original": null,
    "currency": "CLP",
    "size": null,
    "unit_price": 24990,
    "image_url": "https://jumbocl.vteximg.com.br/arquivos/ids/327987-250-250/BISTEC-LOMO-LISO-V.jpg?v=638776430443870000",
    "productUrl": "https://www.jumbo.cl/bistec-lomo-liso-v-atm-prodj-kg-1995234-kg/p",
    "in_stock": true,
    "promo_text": null,
    "sku": "137411",
    "rating": 4.2,
    "description": null
  },
  {
    "id": "139981",
    "name": "Tuto Deshuesado Super Pollo Clásico 750 g",
    "brand": "Super Pollo",
    "category": "carnes-y-pescados",
    "price": 4990,
    "price_original": 6090,
    "currency": "CLP",
    "size": null,
    "unit_price": 6653,
    "image_url": "https://jumbocl.vteximg.com.br/arquivos/ids/333095-250-250/Tuto-Deshuesado-Super-Pollo-Clasico-750-g.jpg?v=638776434593270000",
    "productUrl": "https://www.jumbo.cl/trut-ent-des750g/p",
    "in_stock": true,
    "promo_text": null,
    "sku": "139981",
    "rating": 5,
    "description": null
  },
  {
    "id": "23",
    "name": "Lomo Liso Al Vacío kg",
    "brand": "Carnicería Propia",
    "category": "carnes-y-pescados",
    "price": 29393,
    "price_original": null,
    "currency": "CLP",
    "size": null,
    "unit_price": 17290,
    "image_url": "https://jumbocl.vteximg.com.br/arquivos/ids/297569-250-250/Lomo-Liso-Al-Vacio-kg.jpg?v=638985515442830000",
    "productUrl": "https://www.jumbo.cl/lomoliso-envasado-12kgaprox/p",
    "in_stock": true,
    "promo_text": null,
    "sku": "23",
    "rating": 4.5,
    "description": null
  },
  {
    "id": "57608",
    "name": "Bistec de Pechuga Deshuesada 530 g",
    "brand": "Super Pollo",
    "category": "carnes-y-pescados",
    "price": 5190,
    "price_original": null,
    "currency": "CLP",
    "size": null,
    "unit_price": 9792,
    "image_url": "https://jumbocl.vteximg.com.br/arquivos/ids/539478-250-250/Bistec-de-Pechuga-Deshuesada-530-g.jpg?v=638985724498430000",
    "productUrl": "https://www.jumbo.cl/bistec-de-pechuga-pollo-super-530-gr-pet/p",
    "in_stock": true,
    "promo_text": "Paga $4.090",
    "sku": "57608",
    "rating": 4.7,
    "description": null
  },
  {
    "id": "123450",
    "name": "Plateada Cerdo Cuisine & Co Congelada kg",
    "brand": "Cuisine & Co",
    "category": "carnes-y-pescados",
    "price": 6452,
    "price_original": null,
    "currency": "CLP",
    "size": null,
    "unit_price": 7590,
    "image_url": "https://jumbocl.vteximg.com.br/arquivos/ids/388877-250-250/PLATEADA-CERDO-CONG-CUISINE-CO-KG.jpg?v=638776857846500000",
    "productUrl": "https://www.jumbo.cl/plateada-cerdo-cong-cuisine-and-co-kg-1930845-kg/p",
    "in_stock": true,
    "promo_text": "Paga $4.839",
    "sku": "123450",
    "rating": 4.3,
    "description": null
  },
  {
    "id": "63102",
    "name": "Merluza Austral Filete Fresca kg",
    "brand": "Pescadería Jumbo",
    "category": "carnes-y-pescados",
    "price": 7995,
    "price_original": null,
    "currency": "CLP",
    "size": null,
    "unit_price": 15990,
    "image_url": "https://jumbocl.vteximg.com.br/arquivos/ids/309678-250-250/Merluza-Austral-Filete-Fresca-kg.jpg?v=638805880135330000",
    "productUrl": "https://www.jumbo.cl/merluza-austral-filete-prov-kg/p",
    "in_stock": true,
    "promo_text": null,
    "sku": "63102",
    "rating": 4.1,
    "description": null
  },
  {
    "id": "76107",
    "name": "Merluza Tempura Romana 500 g",
    "brand": "Cuisine & Co",
    "category": "carnes-y-pescados",
    "price": 4890,
    "price_original": null,
    "currency": "CLP",
    "size": null,
    "unit_price": 9780,
    "image_url": "https://jumbocl.vteximg.com.br/arquivos/ids/363570-250-250/Merluza-tempura-a-la-romana-500-g.jpg?v=638776748940700000",
    "productUrl": "https://www.jumbo.cl/merluza-tempura-a-la-romana-500-g-cuisine-and-co-1785324/p",
    "in_stock": true,
    "promo_text": null,
    "sku": "76107",
    "rating": 4.6,
    "description": null
  },
  {
    "id": "133642",
    "name": "Merluza Filete Congelado 500 g",
    "brand": "Cuisine & Co",
    "category": "carnes-y-pescados",
    "price": 4990,
    "price_original": null,
    "currency": "CLP",
    "size": null,
    "unit_price": 9980,
    "image_url": "https://jumbocl.vteximg.com.br/arquivos/ids/322025-250-250/MERLUZA-FILETE-SIN-PIEL-500G-CUISINE-CO.jpg?v=638776424781600000",
    "productUrl": "https://www.jumbo.cl/merluza-filete-sin-piel-500g-cuisine-and-co-1964040/p",
    "in_stock": true,
    "promo_text": null,
    "sku": "133642",
    "rating": 4.8,
    "description": null
  },
  {
    "id": "32333",
    "name": "Filetitos de Pollo 830 g",
    "brand": "Super Pollo",
    "category": "carnes-y-pescados",
    "price": 7290,
    "price_original": 7990,
    "currency": "CLP",
    "size": null,
    "unit_price": 8783,
    "image_url": "https://jumbocl.vteximg.com.br/arquivos/ids/537904-250-250/Filetitos-de-Pollo-830-g.jpg?v=638984611477830000",
    "productUrl": "https://www.jumbo.cl/filetito-de-pollo-super-pollo-830-g/p",
    "in_stock": true,
    "promo_text": null,
    "sku": "32333",
    "rating": 4.5,
    "description": null
  },
  {
    "id": "102855",
    "name": "Salmón Filete Aqua 500 g",
    "brand": "Aqua",
    "category": "carnes-y-pescados",
    "price": 11690,
    "price_original": null,
    "currency": "CLP",
    "size": null,
    "unit_price": 23380,
    "image_url": "https://jumbocl.vteximg.com.br/arquivos/ids/373345-250-250/Salmon-filete-500-g.jpg?v=638776795365700000",
    "productUrl": "https://www.jumbo.cl/salmon-filete-aqua-500-gr/p",
    "in_stock": true,
    "promo_text": null,
    "sku": "102855",
    "rating": 4.8,
    "description": null
  },
  {
    "id": "11476",
    "name": "Huachalomo Al Vacío kg",
    "brand": "Carnicería Propia",
    "category": "carnes-y-pescados",
    "price": 12306,
    "price_original": 15386,
    "currency": "CLP",
    "size": null,
    "unit_price": 8790,
    "image_url": "https://jumbocl.vteximg.com.br/arquivos/ids/302158-250-250/Huachalomo-Al-Vacio-kg.jpg?v=638985601130000000",
    "productUrl": "https://www.jumbo.cl/huachalomo-cat-v/p",
    "in_stock": true,
    "promo_text": null,
    "sku": "11476",
    "rating": 4.2,
    "description": null
  },
  {
    "id": "100381",
    "name": "Camarón Cocido Sin Cáscara XL 500 g",
    "brand": "Cuisine & Co",
    "category": "carnes-y-pescados",
    "price": 12990,
    "price_original": null,
    "currency": "CLP",
    "size": null,
    "unit_price": 25980,
    "image_url": "https://jumbocl.vteximg.com.br/arquivos/ids/372346-250-250/Camarones-cocidos-pelados-y-desvenados-21-30-de-500-g.jpg?v=638776790940500000",
    "productUrl": "https://www.jumbo.cl/camarones-cocidos-pelados-21/p",
    "in_stock": true,
    "promo_text": null,
    "sku": "100381",
    "rating": 4.9,
    "description": null
  },
  {
    "id": "11473",
    "name": "Choclillo Al Vacío kg",
    "brand": "Carnicería Propia",
    "category": "carnes-y-pescados",
    "price": 12089,
    "price_original": null,
    "currency": "CLP",
    "size": null,
    "unit_price": 10990,
    "image_url": "https://jumbocl.vteximg.com.br/arquivos/ids/302769-250-250/Choclillo-Al-Vacio-kg.jpg?v=638776376320800000",
    "productUrl": "https://www.jumbo.cl/choclillo-cat-v/p",
    "in_stock": true,
    "promo_text": null,
    "sku": "11473",
    "rating": 4.6,
    "description": null
  },
  {
    "id": "11471",
    "name": "Asiento Al Vacío kg",
    "brand": "Carnicería Propia",
    "category": "carnes-y-pescados",
    "price": 20007,
    "price_original": null,
    "currency": "CLP",
    "size": null,
    "unit_price": 15390,
    "image_url": "https://jumbocl.vteximg.com.br/arquivos/ids/302674-250-250/Asiento-Al-Vacio-kg.jpg?v=638985601456770000",
    "productUrl": "https://www.jumbo.cl/asiento-cat-v/p",
    "in_stock": true,
    "promo_text": null,
    "sku": "11471",
    "rating": 4.1,
    "description": null
  },
  {
    "id": "137421",
    "name": "Bistec de Asiento Bandeja 300 g",
    "brand": "Cuisine & Co",
    "category": "carnes-y-pescados",
    "price": 7077,
    "price_original": null,
    "currency": "CLP",
    "size": null,
    "unit_price": 23590,
    "image_url": "https://jumbocl.vteximg.com.br/arquivos/ids/327632-250-250/1995694-KG-01_678749.jpg?v=638776430171430000",
    "productUrl": "https://www.jumbo.cl/bistec-asiento-v-atm-prodj-kg-1995694-kg/p",
    "in_stock": true,
    "promo_text": null,
    "sku": "137421",
    "rating": 4.5,
    "description": null
  },
  {
    "id": "127765",
    "name": "Posta Rosada en Cubos Congelada 500 g",
    "brand": "Cuisine & Co",
    "category": "carnes-y-pescados",
    "price": 7190,
    "price_original": null,
    "currency": "CLP",
    "size": null,
    "unit_price": 14380,
    "image_url": "https://jumbocl.vteximg.com.br/arquivos/ids/255285-250-250/Cubos-de-Posta-Rosada-Congelada-500-g.jpg?v=638683351953030000",
    "productUrl": "https://www.jumbo.cl/posta-ros-vac-en-cubos-cong-mar-c-and-co-1941139/p",
    "in_stock": true,
    "promo_text": null,
    "sku": "127765",
    "rating": 4.3,
    "description": null
  },
  {
    "id": "118276",
    "name": "Pechuga de Pollo Deshuesada Canto del Gallo Sin Marinar 550 g",
    "brand": "Canto del Gallo",
    "category": "carnes-y-pescados",
    "price": 6290,
    "price_original": null,
    "currency": "CLP",
    "size": null,
    "unit_price": 11436,
    "image_url": "https://jumbocl.vteximg.com.br/arquivos/ids/383623-250-250/PECHUGA-DESHUESADA-DE-POLLO-CDG-550G.jpg?v=638776836469900000",
    "productUrl": "https://www.jumbo.cl/pechuga-deshuesada-de-pollo-cdg-550g-1928751/p",
    "in_stock": true,
    "promo_text": null,
    "sku": "118276",
    "rating": 4.7,
    "description": null
  },
  {
    "id": "138468",
    "name": "Posta Negra Desgrasada Bandeja 750 g",
    "brand": "Carnicería Propia",
    "category": "carnes-y-pescados",
    "price": 14243,
    "price_original": null,
    "currency": "CLP",
    "size": null,
    "unit_price": 18990,
    "image_url": "https://jumbocl.vteximg.com.br/arquivos/ids/329861-250-250/Posta-Negra-Desgrasada-kg.jpg?v=638776432026800000",
    "productUrl": "https://www.jumbo.cl/posta-negra-desgrasada-kg/p",
    "in_stock": true,
    "promo_text": null,
    "sku": "138468",
    "rating": 4.6,
    "description": null
  },
  {
    "id": "63103",
    "name": "Trucha Filete Fresca kg",
    "brand": "Pescadería Jumbo",
    "category": "carnes-y-pescados",
    "price": 10495,
    "price_original": null,
    "currency": "CLP",
    "size": null,
    "unit_price": 20990,
    "image_url": "https://jumbocl.vteximg.com.br/arquivos/ids/309697-250-250/Trucha-Filete-Fresca-kg.jpg?v=638805880840630000",
    "productUrl": "https://www.jumbo.cl/trucha-filete-prov-kg/p",
    "in_stock": true,
    "promo_text": null,
    "sku": "63103",
    "rating": 4.9,
    "description": null
  },
  {
    "id": "76106",
    "name": "Milanesa de Merluza Apanadas 500 g",
    "brand": "Cuisine & Co",
    "category": "carnes-y-pescados",
    "price": 4890,
    "price_original": null,
    "currency": "CLP",
    "size": null,
    "unit_price": 9780,
    "image_url": "https://jumbocl.vteximg.com.br/arquivos/ids/363568-250-250/Milanesa-de-merluza-apanada-500-g.jpg?v=638776748933630000",
    "productUrl": "https://www.jumbo.cl/milanesa-de-merluza-apanada-500-g-cuisine-and-co-1785323/p",
    "in_stock": true,
    "promo_text": null,
    "sku": "76106",
    "rating": 4.7,
    "description": null
  },
  {
    "id": "11475",
    "name": "Filete Al Vacío kg",
    "brand": "Carnicería Propia",
    "category": "carnes-y-pescados",
    "price": 39879,
    "price_original": null,
    "currency": "CLP",
    "size": null,
    "unit_price": 18990,
    "image_url": "https://jumbocl.vteximg.com.br/arquivos/ids/302116-250-250/Filete-Al-Vacio-kg.jpg?v=638986881337330000",
    "productUrl": "https://www.jumbo.cl/filete-cat-v/p",
    "in_stock": true,
    "promo_text": null,
    "sku": "11475",
    "rating": 4.9,
    "description": null
  },
  {
    "id": "11486",
    "name": "Punta Paleta Al Vacío kg",
    "brand": "Carnicería Propia",
    "category": "carnes-y-pescados",
    "price": 15806,
    "price_original": null,
    "currency": "CLP",
    "size": null,
    "unit_price": 11290,
    "image_url": "https://jumbocl.vteximg.com.br/arquivos/ids/428618-250-250/Punta-Paleta-Al-Vacio-kg.jpg?v=638811204666700000",
    "productUrl": "https://www.jumbo.cl/punta-paleta-cat-v/p",
    "in_stock": true,
    "promo_text": null,
    "sku": "11486",
    "rating": 4.3,
    "description": null
  },
  {
    "id": "60157",
    "name": "Trutro Largo con Piel Super Pollo 800 g",
    "brand": "Super Pollo",
    "category": "carnes-y-pescados",
    "price": 3590,
    "price_original": 4390,
    "currency": "CLP",
    "size": null,
    "unit_price": 4488,
    "image_url": "https://jumbocl.vteximg.com.br/arquivos/ids/537884-250-250/Trutro-Largo-con-Piel-Super-Pollo-800-g.jpg?v=638984611325800000",
    "productUrl": "https://www.jumbo.cl/trutro-largo-de-pollo-super-pollo-con-piel-800-g-congelado/p",
    "in_stock": true,
    "promo_text": null,
    "sku": "60157",
    "rating": 3.7,
    "description": null
  },
  {
    "id": "942",
    "name": "Ganso Al Vacío kg",
    "brand": "Carnicería Propia",
    "category": "carnes-y-pescados",
    "price": 14384,
    "price_original": 15984,
    "currency": "CLP",
    "size": null,
    "unit_price": 8990,
    "image_url": "https://jumbocl.vteximg.com.br/arquivos/ids/298295-250-250/Ganso-Al-Vacio-kg.jpg?v=638775750648200000",
    "productUrl": "https://www.jumbo.cl/ganso-cat-v/p",
    "in_stock": true,
    "promo_text": null,
    "sku": "942",
    "rating": 4,
    "description": null
  },
  {
    "id": "155704",
    "name": "Escalopa Pechuga de Pollo Super Pollo 350 g",
    "brand": "Super Pollo",
    "category": "carnes-y-pescados",
    "price": 2790,
    "price_original": 3390,
    "currency": "CLP",
    "size": null,
    "unit_price": 7971,
    "image_url": "https://jumbocl.vteximg.com.br/arquivos/ids/491667-250-250/ESCALOPA-PECHUGA-POLLO-SUPER-POLLO-350-G.jpg?v=638905524908900000",
    "productUrl": "https://www.jumbo.cl/escalopa-pechuga-pollo-super-pollo-350-g-2045144/p",
    "in_stock": true,
    "promo_text": null,
    "sku": "155704",
    "rating": null,
    "description": null
  },
  {
    "id": "10587",
    "name": "Tuto Largo kg",
    "brand": "Super Pollo",
    "category": "carnes-y-pescados",
    "price": 3992,
    "price_original": null,
    "currency": "CLP",
    "size": null,
    "unit_price": 4990,
    "image_url": "https://jumbocl.vteximg.com.br/arquivos/ids/540287-250-250/Tuto-Largo-kg.jpg?v=638985725736130000",
    "productUrl": "https://www.jumbo.cl/tuto-largo-de-pollo-super-pollo-granel/p",
    "in_stock": true,
    "promo_text": null,
    "sku": "10587",
    "rating": 4.3,
    "description": null
  },
  {
    "id": "100382",
    "name": "Camarón Crudo Sin Cáscara XL 500 g",
    "brand": "Cuisine & Co",
    "category": "carnes-y-pescados",
    "price": 10690,
    "price_original": null,
    "currency": "CLP",
    "size": null,
    "unit_price": 21380,
    "image_url": "https://jumbocl.vteximg.com.br/arquivos/ids/372347-250-250/Camarones-crudos-pelados-y-desvenados-21-25-500-g.jpg?v=638776790940500000",
    "productUrl": "https://www.jumbo.cl/camarones-crudos-pelados-500-g-cuisine-and-co-1842890/p",
    "in_stock": true,
    "promo_text": null,
    "sku": "100382",
    "rating": 4.8,
    "description": null
  },
  {
    "id": "147173",
    "name": "Albóndiga Cuisine & Co 12 un. 420 g",
    "brand": "Cuisine & Co",
    "category": "carnes-y-pescados",
    "price": 4490,
    "price_original": null,
    "currency": "CLP",
    "size": null,
    "unit_price": 10690,
    "image_url": "https://jumbocl.vteximg.com.br/arquivos/ids/346069-250-250/Albondiga-35-g-Cuisine---Co-12-un-420-g.jpg?v=638776445315170000",
    "productUrl": "https://www.jumbo.cl/albondiga-35-g-cuisine-y-co-12-un-420-g/p",
    "in_stock": true,
    "promo_text": null,
    "sku": "147173",
    "rating": 5,
    "description": null
  },
  {
    "id": "11429",
    "name": "Lomo Vetado Al Vacío kg",
    "brand": "Carnicería Propia",
    "category": "carnes-y-pescados",
    "price": 40238,
    "price_original": null,
    "currency": "CLP",
    "size": null,
    "unit_price": 18290,
    "image_url": "https://jumbocl.vteximg.com.br/arquivos/ids/302820-250-250/Lomo-Vetado-Al-Vacio-kg.jpg?v=638986883462600000",
    "productUrl": "https://www.jumbo.cl/lomo-vetado-cat-v-40/p",
    "in_stock": true,
    "promo_text": null,
    "sku": "11429",
    "rating": 3.9,
    "description": null
  },
  {
    "id": "11487",
    "name": "Punta Picana Al Vacío kg",
    "brand": "Carnicería Propia",
    "category": "carnes-y-pescados",
    "price": 15609,
    "price_original": null,
    "currency": "CLP",
    "size": null,
    "unit_price": 14190,
    "image_url": "https://jumbocl.vteximg.com.br/arquivos/ids/302627-250-250/Punta-Picana-Al-Vacio-kg.jpg?v=638985602113070000",
    "productUrl": "https://www.jumbo.cl/punta-picana-cat-v/p",
    "in_stock": true,
    "promo_text": null,
    "sku": "11487",
    "rating": 4.8,
    "description": null
  },
  {
    "id": "24230",
    "name": "Trutro Corto Don Pollo kg",
    "brand": "Don Pollo",
    "category": "carnes-y-pescados",
    "price": 3951,
    "price_original": 4491,
    "currency": "CLP",
    "size": null,
    "unit_price": 4390,
    "image_url": "https://jumbocl.vteximg.com.br/arquivos/ids/354912-250-250/Trutro-corto-de-pollo-kg.jpg?v=638776704338200000",
    "productUrl": "https://www.jumbo.cl/trutro-corto-de-pollo-don-pollo-granel/p",
    "in_stock": true,
    "promo_text": null,
    "sku": "24230",
    "rating": 4.2,
    "description": null
  },
  {
    "id": "75227",
    "name": "Lomo Centro Cerdo Americano Congelado kg",
    "brand": "Americano",
    "category": "carnes-y-pescados",
    "price": 14718,
    "price_original": null,
    "currency": "CLP",
    "size": null,
    "unit_price": 6690,
    "image_url": "https://jumbocl.vteximg.com.br/arquivos/ids/363057-250-250/Lomo-centro-EEUU-congelado-kg.jpg?v=638776746322400000",
    "productUrl": "https://www.jumbo.cl/lomo-centro-americano-congelado-kg/p",
    "in_stock": true,
    "promo_text": null,
    "sku": "75227",
    "rating": 4.8,
    "description": null
  },
  {
    "id": "11531",
    "name": "Filete de Pollo Asado 800 g",
    "brand": "Cuisine & Co",
    "category": "carnes-y-pescados",
    "price": 8890,
    "price_original": null,
    "currency": "CLP",
    "size": null,
    "unit_price": 11113,
    "image_url": "https://jumbocl.vteximg.com.br/arquivos/ids/350922-250-250/Filete-de-pollo-asado-800-g.jpg?v=638776683282200000",
    "productUrl": "https://www.jumbo.cl/filete-de-pollo-asado-jumbo-ready-800-g-2/p",
    "in_stock": true,
    "promo_text": null,
    "sku": "11531",
    "rating": 4.8,
    "description": null
  },
  {
    "id": "43860",
    "name": "Chuletitas Cerdo Super Cerdo 600 g",
    "brand": "Super Cerdo",
    "category": "carnes-y-pescados",
    "price": 5190,
    "price_original": null,
    "currency": "CLP",
    "size": null,
    "unit_price": 8650,
    "image_url": "https://jumbocl.vteximg.com.br/arquivos/ids/437396-250-250/Chuletitas-Cerdo-Super-Cerdo-600-g.jpg?v=638831038665800000",
    "productUrl": "https://www.jumbo.cl/chuletitas-para-freir-super-cerdo/p",
    "in_stock": true,
    "promo_text": null,
    "sku": "43860",
    "rating": 4.8,
    "description": null
  },
  {
    "id": "24256",
    "name": "Trutro Corto de Pollo kg",
    "brand": "Canto del Gallo",
    "category": "carnes-y-pescados",
    "price": 6190,
    "price_original": null,
    "currency": "CLP",
    "size": null,
    "unit_price": 6190,
    "image_url": "https://jumbocl.vteximg.com.br/arquivos/ids/354928-250-250/Trutro-corto-de-pollo-kg.jpg?v=638776704436100000",
    "productUrl": "https://www.jumbo.cl/trutro-corto-de-pollo-canto-del-gallo-granel/p",
    "in_stock": true,
    "promo_text": null,
    "sku": "24256",
    "rating": 4.6,
    "description": null
  },
  {
    "id": "11485",
    "name": "Punta de Ganso Al Vacío kg",
    "brand": "Carnicería Propia",
    "category": "carnes-y-pescados",
    "price": 20986,
    "price_original": null,
    "currency": "CLP",
    "size": null,
    "unit_price": 14990,
    "image_url": "https://jumbocl.vteximg.com.br/arquivos/ids/302522-250-250/Punta-de-Ganso-Al-Vacio-kg.jpg?v=638985676895630000",
    "productUrl": "https://www.jumbo.cl/punta-de-ganso-cat-v/p",
    "in_stock": true,
    "promo_text": null,
    "sku": "11485",
    "rating": 3.9,
    "description": null
  },
  {
    "id": "122374",
    "name": "Carne Molida Ariztía Pechuga de Pollo 400 g",
    "brand": "Ariztía",
    "category": "carnes-y-pescados",
    "price": 3090,
    "price_original": null,
    "currency": "CLP",
    "size": null,
    "unit_price": 7725,
    "image_url": "https://jumbocl.vteximg.com.br/arquivos/ids/388030-250-250/CARNE-MOLIDA-PECHU-DE-POLLO-ARIZTIA-400G.jpg?v=638776854161800000",
    "productUrl": "https://www.jumbo.cl/carne-molida-pechu-de-pollo-ariztia-400g-1955041/p",
    "in_stock": true,
    "promo_text": null,
    "sku": "122374",
    "rating": 4.8,
    "description": null
  },
  {
    "id": "102854",
    "name": "Salmón Trozo Aqua 500 g",
    "brand": "Aqua",
    "category": "carnes-y-pescados",
    "price": 11690,
    "price_original": null,
    "currency": "CLP",
    "size": null,
    "unit_price": 23380,
    "image_url": "https://jumbocl.vteximg.com.br/arquivos/ids/373349-250-250/Salmon-trozo-500-g.jpg?v=638776795371170000",
    "productUrl": "https://www.jumbo.cl/salmon-trozo-aqua-500-gr/p",
    "in_stock": true,
    "promo_text": null,
    "sku": "102854",
    "rating": 4.8,
    "description": null
  },
  {
    "id": "11498",
    "name": "Costillar Chileno Super Cerdo kg",
    "brand": "Super Cerdo",
    "category": "carnes-y-pescados",
    "price": 15984,
    "price_original": 19184,
    "currency": "CLP",
    "size": null,
    "unit_price": 9990,
    "image_url": "https://jumbocl.vteximg.com.br/arquivos/ids/450823-250-250/Costillar-Chileno-Super-Cerdo-kg.jpg?v=638847805284470000",
    "productUrl": "https://www.jumbo.cl/costillar-chileno-super-cerdo/p",
    "in_stock": true,
    "promo_text": null,
    "sku": "11498",
    "rating": 4.7,
    "description": null
  },
  {
    "id": "57417",
    "name": "Truto de Ala de Pollo 500 g",
    "brand": "Super Pollo",
    "category": "carnes-y-pescados",
    "price": 3190,
    "price_original": 3490,
    "currency": "CLP",
    "size": null,
    "unit_price": 6380,
    "image_url": "https://jumbocl.vteximg.com.br/arquivos/ids/309086-250-250/Truto-de-Ala-de-Pollo-500-g.jpg?v=638776388184900000",
    "productUrl": "https://www.jumbo.cl/trutro-ala-pollo-super-pet-500-gr/p",
    "in_stock": true,
    "promo_text": null,
    "sku": "57417",
    "rating": 3.8,
    "description": null
  },
  {
    "id": "33626",
    "name": "Filetillos de Pollo Ariztía 650 g",
    "brand": "Ariztía",
    "category": "carnes-y-pescados",
    "price": 6790,
    "price_original": 7790,
    "currency": "CLP",
    "size": null,
    "unit_price": 10446,
    "image_url": "https://jumbocl.vteximg.com.br/arquivos/ids/356370-250-250/Filetillo-de-pollo-650-g.jpg?v=638776712115870000",
    "productUrl": "https://www.jumbo.cl/filetillo-de-pollo-ariztia-650-g/p",
    "in_stock": true,
    "promo_text": null,
    "sku": "33626",
    "rating": 4.7,
    "description": null
  },
  {
    "id": "90876",
    "name": "Filete de Pollo Natural 700 g",
    "brand": "Super Pollo",
    "category": "carnes-y-pescados",
    "price": 7990,
    "price_original": null,
    "currency": "CLP",
    "size": null,
    "unit_price": 11414,
    "image_url": "https://jumbocl.vteximg.com.br/arquivos/ids/367449-250-250/Filete-de-pollo-natural-700-g.jpg?v=638776768034400000",
    "productUrl": "https://www.jumbo.cl/filete-de-pollo-natural-700-g/p",
    "in_stock": true,
    "promo_text": null,
    "sku": "90876",
    "rating": 4.4,
    "description": null
  },
  {
    "id": "10581",
    "name": "Tuto Combinado Super Pollo 1 kg Aprox",
    "brand": "Super Pollo",
    "category": "carnes-y-pescados",
    "price": 4990,
    "price_original": null,
    "currency": "CLP",
    "size": null,
    "unit_price": 4990,
    "image_url": "https://jumbocl.vteximg.com.br/arquivos/ids/540278-250-250/Tuto-Combinado-Super-Pollo-1-kg-Aprox.jpg?v=638985725700700000",
    "productUrl": "https://www.jumbo.cl/trutro-combinado-super-pollo-1-kg-aprox-2/p",
    "in_stock": true,
    "promo_text": null,
    "sku": "10581",
    "rating": 4,
    "description": null
  },
  {
    "id": "11490",
    "name": "Tapapecho Al Vacío kg",
    "brand": "Carnicería Propia",
    "category": "carnes-y-pescados",
    "price": 12468,
    "price_original": null,
    "currency": "CLP",
    "size": null,
    "unit_price": 10390,
    "image_url": "https://jumbocl.vteximg.com.br/arquivos/ids/302763-250-250/Tapapecho-Al-Vacio-kg.jpg?v=638985601828400000",
    "productUrl": "https://www.jumbo.cl/tapapecho-cat-v/p",
    "in_stock": true,
    "promo_text": null,
    "sku": "11490",
    "rating": 3.2,
    "description": null
  },
  {
    "id": "115682",
    "name": "Tiritas Pollo Frescas 350 g",
    "brand": "Super Pollo",
    "category": "carnes-y-pescados",
    "price": 3490,
    "price_original": null,
    "currency": "CLP",
    "size": null,
    "unit_price": 9971,
    "image_url": "https://jumbocl.vteximg.com.br/arquivos/ids/539597-250-250/Tiritas-Pollo-Frescas-350-g.jpg?v=638985724667700000",
    "productUrl": "https://www.jumbo.cl/tiritas-de-pollo-frescas-350-g/p",
    "in_stock": true,
    "promo_text": null,
    "sku": "115682",
    "rating": 5,
    "description": null
  },
  {
    "id": "11479",
    "name": "Plateada Al Vacío kg",
    "brand": "Carnicería Propia",
    "category": "carnes-y-pescados",
    "price": 22980,
    "price_original": null,
    "currency": "CLP",
    "size": null,
    "unit_price": 11490,
    "image_url": "https://jumbocl.vteximg.com.br/arquivos/ids/302291-250-250/Plateada-Al-Vacio-kg.jpg?v=638986883977470000",
    "productUrl": "https://www.jumbo.cl/plateada-cat-v/p",
    "in_stock": true,
    "promo_text": null,
    "sku": "11479",
    "rating": 3.3,
    "description": null
  },
  {
    "id": "11481",
    "name": "Pollo Ganso Al Vacío kg",
    "brand": "Carnicería Propia",
    "category": "carnes-y-pescados",
    "price": 24380,
    "price_original": null,
    "currency": "CLP",
    "size": null,
    "unit_price": 12190,
    "image_url": "https://jumbocl.vteximg.com.br/arquivos/ids/302339-250-250/Pollo-Ganso-Al-Vacio-kg.jpg?v=638776375999970000",
    "productUrl": "https://www.jumbo.cl/pollo-ganso-cat-v/p",
    "in_stock": true,
    "promo_text": null,
    "sku": "11481",
    "rating": 4.8,
    "description": null
  },
  {
    "id": "10583",
    "name": "Trutro Entero 850 g Aprox.",
    "brand": "Super Pollo",
    "category": "carnes-y-pescados",
    "price": 4242,
    "price_original": null,
    "currency": "CLP",
    "size": null,
    "unit_price": 4990,
    "image_url": "https://jumbocl.vteximg.com.br/arquivos/ids/538012-250-250/Trutro-Entero-850-g-Aprox.jpg?v=638984612228000000",
    "productUrl": "https://www.jumbo.cl/trutro-entero-super-pollo-bandeja-850-g-aprox/p",
    "in_stock": true,
    "promo_text": null,
    "sku": "10583",
    "rating": 2.3,
    "description": null
  },
  {
    "id": "11489",
    "name": "Tapabarriga Al Vacío kg",
    "brand": "Carnicería Propia",
    "category": "carnes-y-pescados",
    "price": 14628,
    "price_original": null,
    "currency": "CLP",
    "size": null,
    "unit_price": 12190,
    "image_url": "https://jumbocl.vteximg.com.br/arquivos/ids/302715-250-250/Tapabarriga-Al-Vacio-kg.jpg?v=638986883774100000",
    "productUrl": "https://www.jumbo.cl/tapabarriga-cat-v/p",
    "in_stock": true,
    "promo_text": null,
    "sku": "11489",
    "rating": 3.2,
    "description": null
  },
  {
    "id": "11499",
    "name": "Costillar Super Cerdo Tradicional kg",
    "brand": "Super Cerdo",
    "category": "carnes-y-pescados",
    "price": 15984,
    "price_original": 19184,
    "currency": "CLP",
    "size": null,
    "unit_price": 9990,
    "image_url": "https://jumbocl.vteximg.com.br/arquivos/ids/451137-250-250/Costillar-Super-Cerdo-Tradicional-kg.jpg?v=638847806271870000",
    "productUrl": "https://www.jumbo.cl/costillar-super-cerdo/p",
    "in_stock": true,
    "promo_text": null,
    "sku": "11499",
    "rating": 4.1,
    "description": null
  },
  {
    "id": "17916",
    "name": "Pulpa Cerdo Super Cerdo 900 g",
    "brand": "Super Cerdo",
    "category": "carnes-y-pescados",
    "price": 6290,
    "price_original": 6990,
    "currency": "CLP",
    "size": null,
    "unit_price": 6989,
    "image_url": "https://jumbocl.vteximg.com.br/arquivos/ids/352673-250-250/Pulpa-900-g.jpg?v=638776693941970000",
    "productUrl": "https://www.jumbo.cl/pulpa-super-cerdo-900-g/p",
    "in_stock": true,
    "promo_text": null,
    "sku": "17916",
    "rating": 4.7,
    "description": null
  },
  {
    "id": "75496",
    "name": "Camarón Cocido Sin Cáscara m 500 g",
    "brand": "Cuisine & Co",
    "category": "carnes-y-pescados",
    "price": 7990,
    "price_original": null,
    "currency": "CLP",
    "size": null,
    "unit_price": 15980,
    "image_url": "https://jumbocl.vteximg.com.br/arquivos/ids/310547-250-250/Camarones-Cocidos-y-Pelados-Medianos-500-g.jpg?v=638776391754970000",
    "productUrl": "https://www.jumbo.cl/camarones-cocidos-y-pelados-medianos-500-g-cuisine-and-co-1773222/p",
    "in_stock": true,
    "promo_text": null,
    "sku": "75496",
    "rating": 4.8,
    "description": null
  },
  {
    "id": "64048",
    "name": "Camarón Cocidos Sin Cáscara S 100 g",
    "brand": "Cuisine & Co",
    "category": "carnes-y-pescados",
    "price": 1650,
    "price_original": null,
    "currency": "CLP",
    "size": null,
    "unit_price": 16500,
    "image_url": "https://jumbocl.vteximg.com.br/arquivos/ids/309635-250-250/Camarones-Cocidos-y-Pelados-100-g.jpg?v=638776389564600000",
    "productUrl": "https://www.jumbo.cl/camarones-cocidos-y-pelados-100-g-cuisine-and-co-1768171/p",
    "in_stock": true,
    "promo_text": null,
    "sku": "64048",
    "rating": 4.7,
    "description": null
  },
  {
    "id": "11477",
    "name": "Malaya Al Vacío kg",
    "brand": "Carnicería Propia",
    "category": "carnes-y-pescados",
    "price": 6643,
    "price_original": null,
    "currency": "CLP",
    "size": null,
    "unit_price": 9490,
    "image_url": "https://jumbocl.vteximg.com.br/arquivos/ids/302199-250-250/Malaya-Al-Vacio-kg.jpg?v=638776375887670000",
    "productUrl": "https://www.jumbo.cl/malaya-cat-v/p",
    "in_stock": true,
    "promo_text": null,
    "sku": "11477",
    "rating": 3.1,
    "description": null
  },
  {
    "id": "10456",
    "name": "Camarón Cocido Sin Cáscara m 500 g",
    "brand": "Cuisine & Co",
    "category": "carnes-y-pescados",
    "price": 10690,
    "price_original": null,
    "currency": "CLP",
    "size": null,
    "unit_price": 21380,
    "image_url": "https://jumbocl.vteximg.com.br/arquivos/ids/350548-250-250/Camarones-cocidos-sin-cascara-y-desvenados-51-60-500-g.jpg?v=638776681520270000",
    "productUrl": "https://www.jumbo.cl/camarones-cocidos-sin-cascara-500-g-cuisine-and-co-1624820/p",
    "in_stock": true,
    "promo_text": null,
    "sku": "10456",
    "rating": 4.8,
    "description": null
  },
  {
    "id": "75499",
    "name": "Camarón Apanado Mariposa 500 g",
    "brand": "Cuisine & Co",
    "category": "carnes-y-pescados",
    "price": 6590,
    "price_original": null,
    "currency": "CLP",
    "size": null,
    "unit_price": 13180,
    "image_url": "https://jumbocl.vteximg.com.br/arquivos/ids/363228-250-250/Camarones-cocidos-apanados-mariposa-500-g.jpg?v=638776746930100000",
    "productUrl": "https://www.jumbo.cl/camarones-cocidos-apanados-mariposa-500-g-cuisine-and-co-1773225/p",
    "in_stock": true,
    "promo_text": null,
    "sku": "75499",
    "rating": 4.9,
    "description": null
  },
  {
    "id": "75495",
    "name": "Camarón Cocido Sin Cáscara m 1 kg",
    "brand": "Cuisine & Co",
    "category": "carnes-y-pescados",
    "price": 13990,
    "price_original": null,
    "currency": "CLP",
    "size": null,
    "unit_price": 13990,
    "image_url": "https://jumbocl.vteximg.com.br/arquivos/ids/411271-250-250/Camaron-Cocido-Sin-Cascara-M-1-kg.jpg?v=638791190119730000",
    "productUrl": "https://www.jumbo.cl/camarones-cocidos-y-pelados-medianos-1-kg-cuisine-and-co-1773221/p",
    "in_stock": true,
    "promo_text": null,
    "sku": "75495",
    "rating": 4.5,
    "description": null
  },
  {
    "id": "92250",
    "name": "Almejas Corrientes Fresca kg",
    "brand": "Pescadería Jumbo",
    "category": "carnes-y-pescados",
    "price": 3990,
    "price_original": null,
    "currency": "CLP",
    "size": null,
    "unit_price": 3990,
    "image_url": "https://jumbocl.vteximg.com.br/arquivos/ids/430016-250-250/Almejas-Corrientes-Fresca-kg.jpg?v=638814668503470000",
    "productUrl": "https://www.jumbo.cl/almejas-corrientes-frescas-kg/p",
    "in_stock": true,
    "promo_text": null,
    "sku": "92250",
    "rating": 4.9,
    "description": null
  },
  {
    "id": "92252",
    "name": "Choro Fresco kg",
    "brand": "Pescadería Jumbo",
    "category": "carnes-y-pescados",
    "price": 2690,
    "price_original": null,
    "currency": "CLP",
    "size": null,
    "unit_price": 2690,
    "image_url": "https://jumbocl.vteximg.com.br/arquivos/ids/430019-250-250/Choro-Fresco-kg.jpg?v=638814668524570000",
    "productUrl": "https://www.jumbo.cl/choritos-corriente-f-resco-kilo/p",
    "in_stock": true,
    "promo_text": null,
    "sku": "92252",
    "rating": 4.8,
    "description": null
  },
  {
    "id": "11515",
    "name": "Tiras de Pollo Asado 800 g",
    "brand": "Cuisine & Co",
    "category": "carnes-y-pescados",
    "price": 8890,
    "price_original": null,
    "currency": "CLP",
    "size": null,
    "unit_price": 11113,
    "image_url": "https://jumbocl.vteximg.com.br/arquivos/ids/350916-250-250/Tiras-de-Pollo-Asado-800-g.jpg?v=638776683250970000",
    "productUrl": "https://www.jumbo.cl/tiras-de-pollo-asado-jumbo-ready-800-g/p",
    "in_stock": true,
    "promo_text": null,
    "sku": "11515",
    "rating": 4.8,
    "description": null
  },
  {
    "id": "11526",
    "name": "Trutro Corto de Pollo Asado 1 kg",
    "brand": "Cuisine & Co",
    "category": "carnes-y-pescados",
    "price": 8390,
    "price_original": null,
    "currency": "CLP",
    "size": null,
    "unit_price": 8390,
    "image_url": "https://jumbocl.vteximg.com.br/arquivos/ids/350925-250-250/Trutro-corto-de-pollo-Asado-1-kg.jpg?v=638776683284530000",
    "productUrl": "https://www.jumbo.cl/trutro-corto-de-pollo-asado-jumbo-ready-1-kg/p",
    "in_stock": true,
    "promo_text": null,
    "sku": "11526",
    "rating": 5,
    "description": null
  },
  {
    "id": "92254",
    "name": "Machas Frescas kg",
    "brand": "Pescadería Jumbo",
    "category": "carnes-y-pescados",
    "price": 7990,
    "price_original": null,
    "currency": "CLP",
    "size": null,
    "unit_price": 7990,
    "image_url": "https://jumbocl.vteximg.com.br/arquivos/ids/430024-250-250/Machas-Frescas-kg.jpg?v=638814668577000000",
    "productUrl": "https://www.jumbo.cl/macha-fresca-kg/p",
    "in_stock": true,
    "promo_text": null,
    "sku": "92254",
    "rating": 4.1,
    "description": null
  },
  {
    "id": "138526",
    "name": "Camarón Crudo con Cáscara Easy Peel Tamaño M 51/60 454 g",
    "brand": "Panamei",
    "category": "carnes-y-pescados",
    "price": 6990,
    "price_original": null,
    "currency": "CLP",
    "size": null,
    "unit_price": 15396,
    "image_url": "https://jumbocl.vteximg.com.br/arquivos/ids/427459-250-250/Camaron-Crudo-con-Cascara-Easy-Peel-Panam-51-60-908-g.jpg?v=638811002882630000",
    "productUrl": "https://www.jumbo.cl/cam-cr-c-cas-ez-peel-panam-51-60-908g-1994073/p",
    "in_stock": true,
    "promo_text": null,
    "sku": "138526",
    "rating": null,
    "description": null
  },
  {
    "id": "75498",
    "name": "Camarón Cocido Sin Cáscara S 250 g",
    "brand": "Cuisine & Co",
    "category": "carnes-y-pescados",
    "price": 4290,
    "price_original": null,
    "currency": "CLP",
    "size": null,
    "unit_price": 17160,
    "image_url": "https://jumbocl.vteximg.com.br/arquivos/ids/310279-250-250/Camarones-Cocidos-y-Pelados-250-g.jpg?v=638776391258400000",
    "productUrl": "https://www.jumbo.cl/camarones-cocidos-y-pelados-250-g-cuisine-and-co-1773224/p",
    "in_stock": true,
    "promo_text": null,
    "sku": "75498",
    "rating": 4.2,
    "description": null
  },
  {
    "id": "92310",
    "name": "Bandeja Ostras Semi Export 20 un.",
    "brand": "Pescadería Jumbo",
    "category": "carnes-y-pescados",
    "price": 9990,
    "price_original": null,
    "currency": "CLP",
    "size": null,
    "unit_price": null,
    "image_url": "https://jumbocl.vteximg.com.br/arquivos/ids/429988-250-250/Bandeja-Ostras-Semi-Export-20-un.jpg?v=638814668361930000",
    "productUrl": "https://www.jumbo.cl/ostras-semi-exportacion-un/p",
    "in_stock": true,
    "promo_text": null,
    "sku": "92310",
    "rating": 4.5,
    "description": null
  },
  {
    "id": "75501",
    "name": "Camarón Apanado Pop Corn 500 g",
    "brand": "Cuisine & Co",
    "category": "carnes-y-pescados",
    "price": 6690,
    "price_original": null,
    "currency": "CLP",
    "size": null,
    "unit_price": 13380,
    "image_url": "https://jumbocl.vteximg.com.br/arquivos/ids/363227-250-250/Camarones-crocantes-apanados-500-g.jpg?v=638776746928670000",
    "productUrl": "https://www.jumbo.cl/camarones-crocantes-apanados-500-g-cuisine-and-co-1773227/p",
    "in_stock": true,
    "promo_text": null,
    "sku": "75501",
    "rating": 4.2,
    "description": null
  },
  {
    "id": "92307",
    "name": "Bandeja Ostiones Frescos 10 un.",
    "brand": "Pescadería Jumbo",
    "category": "carnes-y-pescados",
    "price": 8990,
    "price_original": null,
    "currency": "CLP",
    "size": null,
    "unit_price": null,
    "image_url": "https://jumbocl.vteximg.com.br/arquivos/ids/429992-250-250/Bandeja-Ostiones-Frescos-10-un.jpg?v=638814668374630000",
    "productUrl": "https://www.jumbo.cl/ostion-cultivo-fresco-un/p",
    "in_stock": true,
    "promo_text": null,
    "sku": "92307",
    "rating": 4.5,
    "description": null
  },
  {
    "id": "75500",
    "name": "Camarón Apanado con Cola 500 g",
    "brand": "Cuisine & Co",
    "category": "carnes-y-pescados",
    "price": 6790,
    "price_original": null,
    "currency": "CLP",
    "size": null,
    "unit_price": 13580,
    "image_url": "https://jumbocl.vteximg.com.br/arquivos/ids/363229-250-250/Camarones-cocidos-apanados-con-cola-500-g.jpg?v=638776746930700000",
    "productUrl": "https://www.jumbo.cl/camarones-cocidos-apanados-con-cola-500-g-cuisine-and-co-1773226/p",
    "in_stock": true,
    "promo_text": null,
    "sku": "75500",
    "rating": 4.7,
    "description": null
  },
  {
    "id": "144258",
    "name": "Bandeja Machas 20 un.",
    "brand": "Pescadería Jumbo",
    "category": "carnes-y-pescados",
    "price": 8490,
    "price_original": null,
    "currency": "CLP",
    "size": null,
    "unit_price": null,
    "image_url": "https://jumbocl.vteximg.com.br/arquivos/ids/429998-250-250/Bandeja-Machas-20-un.jpg?v=638814668412130000",
    "productUrl": "https://www.jumbo.cl/bandeja-machas-20-un-1985438/p",
    "in_stock": true,
    "promo_text": null,
    "sku": "144258",
    "rating": null,
    "description": null
  },
  {
    "id": "123392",
    "name": "Camarón Cocido Sin Cáscara Tamaño M 283 g",
    "brand": "Panamei",
    "category": "carnes-y-pescados",
    "price": 6590,
    "price_original": null,
    "currency": "CLP",
    "size": null,
    "unit_price": 23536,
    "image_url": "https://jumbocl.vteximg.com.br/arquivos/ids/388810-250-250/Camaron-bandeja-con-dip-280-g.jpg?v=638776857569770000",
    "productUrl": "https://www.jumbo.cl/camaron-bandeja-con-dip-panamei-280g-1956123/p",
    "in_stock": true,
    "promo_text": null,
    "sku": "123392",
    "rating": 4.7,
    "description": null
  },
  {
    "id": "138522",
    "name": "Camarón Crudo con Cáscara Easy Peel Tamaño XL 21/25 454 g",
    "brand": "Panamei",
    "category": "carnes-y-pescados",
    "price": 8990,
    "price_original": null,
    "currency": "CLP",
    "size": null,
    "unit_price": 19802,
    "image_url": "https://jumbocl.vteximg.com.br/arquivos/ids/410137-250-250/Camaron-Crudo-con-Cascara-Easy-Peel-Panam-21-25-454-g.jpg?v=638790480878630000",
    "productUrl": "https://www.jumbo.cl/cam-cr-c-cas-ez-peel-panam-21-25-454g-1994074/p",
    "in_stock": true,
    "promo_text": null,
    "sku": "138522",
    "rating": 5,
    "description": null
  },
  {
    "id": "138772",
    "name": "Camarón Entero Bikini 10/20 500 g",
    "brand": "Cuisine & Co",
    "category": "carnes-y-pescados",
    "price": 16990,
    "price_original": null,
    "currency": "CLP",
    "size": null,
    "unit_price": 33980,
    "image_url": "https://jumbocl.vteximg.com.br/arquivos/ids/410169-250-250/Camaron-Entero-Bikini-10-20-500-g.jpg?v=638790480948770000",
    "productUrl": "https://www.jumbo.cl/camar-ent-bikini-10-20-500g-cuisine-and-co-2000460/p",
    "in_stock": true,
    "promo_text": null,
    "sku": "138772",
    "rating": null,
    "description": null
  },
  {
    "id": "138528",
    "name": "Camarón Crudo con Cascara Tamaño Colosal 8/12 454 g",
    "brand": "Panamei",
    "category": "carnes-y-pescados",
    "price": 11990,
    "price_original": null,
    "currency": "CLP",
    "size": null,
    "unit_price": 26410,
    "image_url": "https://jumbocl.vteximg.com.br/arquivos/ids/497266-250-250/Camaron-Cocido-Sin-Cascara-Colossal-340-g.jpg?v=638912214486630000",
    "productUrl": "https://www.jumbo.cl/cam-cr-c-cas-ez-peel-panam-8-12-340g-1992749/p",
    "in_stock": true,
    "promo_text": null,
    "sku": "138528",
    "rating": null,
    "description": null
  },
  {
    "id": "138198",
    "name": "Camarón Cocido Sin Cáscara con Cola XL 454 g",
    "brand": "Panamei",
    "category": "carnes-y-pescados",
    "price": 13990,
    "price_original": null,
    "currency": "CLP",
    "size": null,
    "unit_price": 30815,
    "image_url": "https://jumbocl.vteximg.com.br/arquivos/ids/329216-250-250/Camaron-Cocido-Sin-Cascara-Con-Cola-454-g.jpg?v=638776431589870000",
    "productUrl": "https://www.jumbo.cl/camaron-cocido-13-15-454-grs-2000168/p",
    "in_stock": true,
    "promo_text": null,
    "sku": "138198",
    "rating": null,
    "description": null
  },
  {
    "id": "150524",
    "name": "Pechuga Deshuesada de Pollo 500 g",
    "brand": "Ariztía",
    "category": "carnes-y-pescados",
    "price": 4890,
    "price_original": null,
    "currency": "CLP",
    "size": null,
    "unit_price": 9780,
    "image_url": "https://jumbocl.vteximg.com.br/arquivos/ids/451175-250-250/Pechuga-deshuesada-de-pollo-500-g.jpg?v=638850872542900000",
    "productUrl": "https://www.jumbo.cl/pechuga-deshuesada-de-pollo-500-g-1667235/p",
    "in_stock": true,
    "promo_text": null,
    "sku": "150524",
    "rating": null,
    "description": null
  },
  {
    "id": "11472",
    "name": "Asado del Carnicero Al Vacío kg",
    "brand": "Carnicería Propia",
    "category": "carnes-y-pescados",
    "price": 14287,
    "price_original": null,
    "currency": "CLP",
    "size": null,
    "unit_price": 10990,
    "image_url": "https://jumbocl.vteximg.com.br/arquivos/ids/497067-250-250/Asado-del-Carnicero-Al-Vacio-kg.jpg?v=638912211792300000",
    "productUrl": "https://www.jumbo.cl/asado-del-carnicero-cat-v/p",
    "in_stock": true,
    "promo_text": null,
    "sku": "11472",
    "rating": 4.4,
    "description": null
  },
  {
    "id": "63097",
    "name": "Reineta Filete Fresca kg",
    "brand": "Pescadería Jumbo",
    "category": "carnes-y-pescados",
    "price": 9995,
    "price_original": null,
    "currency": "CLP",
    "size": null,
    "unit_price": 19990,
    "image_url": "https://jumbocl.vteximg.com.br/arquivos/ids/309640-250-250/Reineta-Filete-Fresca-kg.jpg?v=638805881159630000",
    "productUrl": "https://www.jumbo.cl/reineta-filete-prov-kg/p",
    "in_stock": true,
    "promo_text": null,
    "sku": "63097",
    "rating": 4.2,
    "description": null
  },
  {
    "id": "123451",
    "name": "Malaya Cerdo Cuisine & Co Congelada kg",
    "brand": "Cuisine & Co",
    "category": "carnes-y-pescados",
    "price": 13990,
    "price_original": null,
    "currency": "CLP",
    "size": null,
    "unit_price": 13990,
    "image_url": "https://jumbocl.vteximg.com.br/arquivos/ids/388878-250-250/MALAYA-CERDO-CONG-CUISINE-CO-KG.jpg?v=638776857846500000",
    "productUrl": "https://www.jumbo.cl/malaya-cerdo-cong-cuisine-and-co-kg-1930844-kg/p",
    "in_stock": true,
    "promo_text": "Paga $10.493",
    "sku": "123451",
    "rating": null,
    "description": null
  },
  {
    "id": "11470",
    "name": "Abastero Al Vacío kg",
    "brand": "Carnicería Propia",
    "category": "carnes-y-pescados",
    "price": 18683,
    "price_original": null,
    "currency": "CLP",
    "size": null,
    "unit_price": 10990,
    "image_url": "https://jumbocl.vteximg.com.br/arquivos/ids/302630-250-250/Abastero-Al-Vacio-kg.jpg?v=638776376211900000",
    "productUrl": "https://www.jumbo.cl/abastero-cat-v/p",
    "in_stock": true,
    "promo_text": null,
    "sku": "11470",
    "rating": 3.9,
    "description": null
  },
  {
    "id": "24287",
    "name": "Pechuga de Pollo Deshuesada Sin Piel Al Natural Super Pollo 780 g",
    "brand": "Super Pollo",
    "category": "carnes-y-pescados",
    "price": 7990,
    "price_original": null,
    "currency": "CLP",
    "size": null,
    "unit_price": 10244,
    "image_url": "https://jumbocl.vteximg.com.br/arquivos/ids/354944-250-250/Pechuga-de-pollo-deshuesada-sin-piel-al-natural-Super-Pollo-780-g.jpg?v=638776704506300000",
    "productUrl": "https://www.jumbo.cl/pechuga-de-pollo-deshuesada-sin-piel-al-natural-super-pollo-780-g/p",
    "in_stock": true,
    "promo_text": null,
    "sku": "24287",
    "rating": 4.5,
    "description": null
  },
  {
    "id": "123446",
    "name": "Costillar Cerdo Cuisine & Co Congelada kg",
    "brand": "Cuisine & Co",
    "category": "carnes-y-pescados",
    "price": 13283,
    "price_original": null,
    "currency": "CLP",
    "size": null,
    "unit_price": 7590,
    "image_url": "https://jumbocl.vteximg.com.br/arquivos/ids/388872-250-250/COSTILLAR-CERDO-CONG-CUISINE-CO-KG.jpg?v=638776857823130000",
    "productUrl": "https://www.jumbo.cl/costillar-cerdo-cong-cuisine-and-co-kg-1930846-kg/p",
    "in_stock": true,
    "promo_text": "Paga $9.962",
    "sku": "123446",
    "rating": 4.1,
    "description": null
  },
  {
    "id": "82581",
    "name": "Pechuga de Pollo Deshuesada Sin Marinar 800 g",
    "brand": "Cuisine & Co",
    "category": "carnes-y-pescados",
    "price": 9290,
    "price_original": null,
    "currency": "CLP",
    "size": null,
    "unit_price": 11613,
    "image_url": "https://jumbocl.vteximg.com.br/arquivos/ids/364981-250-250/Pechuga-deshuesada-de-pollo-sin-marinar-800-g.jpg?v=638776756739400000",
    "productUrl": "https://www.jumbo.cl/pechuga-deshuesada-de-pollo-800-g-cuisine-and-co-1801136/p",
    "in_stock": true,
    "promo_text": null,
    "sku": "82581",
    "rating": 4.6,
    "description": null
  },
  {
    "id": "244",
    "name": "Pollo Entero con Menudencias 2.3 kg Aprox",
    "brand": "Super Pollo",
    "category": "carnes-y-pescados",
    "price": 9637,
    "price_original": 10327,
    "currency": "CLP",
    "size": null,
    "unit_price": 4190,
    "image_url": "https://jumbocl.vteximg.com.br/arquivos/ids/297768-250-250/Pollo-entero-fresco-granel.jpg?v=638775743137530000",
    "productUrl": "https://www.jumbo.cl/pollo-entero-super-pollo-23-kg-aprox/p",
    "in_stock": true,
    "promo_text": null,
    "sku": "244",
    "rating": 4.9,
    "description": null
  },
  {
    "id": "139022",
    "name": "Camarón Cocido con Cola Panameño Tamaño XL 21/25 454g",
    "brand": "Panamei",
    "category": "carnes-y-pescados",
    "price": 10490,
    "price_original": null,
    "currency": "CLP",
    "size": null,
    "unit_price": 23106,
    "image_url": "https://jumbocl.vteximg.com.br/arquivos/ids/330989-250-250/Camaron-Cocido-con-Cola-Paname%C3%B1o-21-25-454g.jpg?v=638776432835270000",
    "productUrl": "https://www.jumbo.cl/cam-co-pel-c-cola-panam-21-25-454g-1988875/p",
    "in_stock": true,
    "promo_text": null,
    "sku": "139022",
    "rating": 5,
    "description": null
  },
  {
    "id": "123388",
    "name": "Camarón Cocido con Cola Tamaño Jumbo 454 g",
    "brand": "Panamei",
    "category": "carnes-y-pescados",
    "price": 11990,
    "price_original": null,
    "currency": "CLP",
    "size": null,
    "unit_price": 26410,
    "image_url": "https://jumbocl.vteximg.com.br/arquivos/ids/318355-250-250/Camaron-cocido-pelado-con-cola-16-20-de-454-g.jpg?v=638776414129800000",
    "productUrl": "https://www.jumbo.cl/camar-coc-pel-c-cola-16-20-panamei-450g-1956124/p",
    "in_stock": true,
    "promo_text": null,
    "sku": "123388",
    "rating": 5,
    "description": null
  },
  {
    "id": "118239",
    "name": "Filetillos de Pollo Ariztía Sin Marinar 580 g",
    "brand": "Ariztía",
    "category": "carnes-y-pescados",
    "price": 6290,
    "price_original": null,
    "currency": "CLP",
    "size": null,
    "unit_price": 10845,
    "image_url": "https://jumbocl.vteximg.com.br/arquivos/ids/383591-250-250/FILETILLO-DE-POLLO-CDG-580G.jpg?v=638776836323330000",
    "productUrl": "https://www.jumbo.cl/filetillo-de-pollo-cdg-580g-1928752/p",
    "in_stock": true,
    "promo_text": null,
    "sku": "118239",
    "rating": 4.7,
    "description": null
  },
  {
    "id": "140276",
    "name": "Tuto Deshuesado Sabor Ají Ahumado 750 g",
    "brand": "Super Pollo",
    "category": "carnes-y-pescados",
    "price": 4990,
    "price_original": 6090,
    "currency": "CLP",
    "size": null,
    "unit_price": 6653,
    "image_url": "https://jumbocl.vteximg.com.br/arquivos/ids/333471-250-250/Tuto-Deshuesado-Sabor-Aji-Ahumado-750-g.jpg?v=638776434923700000",
    "productUrl": "https://www.jumbo.cl/trutro-desh-aji-ahumado-750g-super-pollo-2007142/p",
    "in_stock": true,
    "promo_text": null,
    "sku": "140276",
    "rating": 5,
    "description": null
  },
  {
    "id": "113499",
    "name": "Cubitos de Pollo Congelados 500 g",
    "brand": "Super Pollo",
    "category": "carnes-y-pescados",
    "price": 6190,
    "price_original": null,
    "currency": "CLP",
    "size": null,
    "unit_price": 12380,
    "image_url": "https://jumbocl.vteximg.com.br/arquivos/ids/380482-250-250/Cubitos-de-pollo-congelados-500-g.jpg?v=638776823391230000",
    "productUrl": "https://www.jumbo.cl/cubos-po-iqf-500gr/p",
    "in_stock": true,
    "promo_text": null,
    "sku": "113499",
    "rating": 3.8,
    "description": null
  },
  {
    "id": "11483",
    "name": "Posta Paleta Al Vacío kg",
    "brand": "Carnicería Propia",
    "category": "carnes-y-pescados",
    "price": 18064,
    "price_original": null,
    "currency": "CLP",
    "size": null,
    "unit_price": 11290,
    "image_url": "https://jumbocl.vteximg.com.br/arquivos/ids/302432-250-250/Posta-paleta-al-vacio-kg.jpg?v=638776376067500000",
    "productUrl": "https://www.jumbo.cl/posta-paleta-cat-v/p",
    "in_stock": true,
    "promo_text": null,
    "sku": "11483",
    "rating": 3.5,
    "description": null
  },
  {
    "id": "131812",
    "name": "Churrasco Pollo Super Pollo 350 g",
    "brand": "Super Pollo",
    "category": "carnes-y-pescados",
    "price": 4290,
    "price_original": null,
    "currency": "CLP",
    "size": null,
    "unit_price": 12257,
    "image_url": "https://jumbocl.vteximg.com.br/arquivos/ids/398816-250-250/Churrasco-Pollo-Super-Pollo-350-g.jpg?v=638776895482870000",
    "productUrl": "https://www.jumbo.cl/churrasco-pollo-super-pollo-350-gr-1976727/p",
    "in_stock": true,
    "promo_text": null,
    "sku": "131812",
    "rating": 3.9,
    "description": null
  },
  {
    "id": "131863",
    "name": "Carne Molida Pollo 320 g",
    "brand": "Super Pollo",
    "category": "carnes-y-pescados",
    "price": 2990,
    "price_original": null,
    "currency": "CLP",
    "size": null,
    "unit_price": 9344,
    "image_url": "https://jumbocl.vteximg.com.br/arquivos/ids/321237-250-250/Carne-Molida-Pollo-320-g.jpg?v=638776422839600000",
    "productUrl": "https://www.jumbo.cl/molida-pollo-super-pollo-320-gr-1975485/p",
    "in_stock": true,
    "promo_text": null,
    "sku": "131863",
    "rating": null,
    "description": null
  },
  {
    "id": "147174",
    "name": "Hamburguesa Cuisine & Co 125 g 2 un.",
    "brand": "Cuisine & Co",
    "category": "carnes-y-pescados",
    "price": 2690,
    "price_original": null,
    "currency": "CLP",
    "size": null,
    "unit_price": 10760,
    "image_url": "https://jumbocl.vteximg.com.br/arquivos/ids/346102-250-250/Hamburguesa-Cuisine---Co-2-un-125-g.jpg?v=638776445350430000",
    "productUrl": "https://www.jumbo.cl/hamburguesa-cuisine-y-co-2-un-125-g/p",
    "in_stock": true,
    "promo_text": null,
    "sku": "147174",
    "rating": null,
    "description": null
  },
  {
    "id": "137412",
    "name": "Bistec Posta Negra Bandeja 300 g",
    "brand": "Cuisine & Co",
    "category": "carnes-y-pescados",
    "price": 6147,
    "price_original": null,
    "currency": "CLP",
    "size": null,
    "unit_price": 20490,
    "image_url": "https://jumbocl.vteximg.com.br/arquivos/ids/328021-250-250/BISTEC-POS-NEG-V-A.jpg?v=638776430481270000",
    "productUrl": "https://www.jumbo.cl/bistec-posta-negra-v-atm-prodj-kg-1995237-kg/p",
    "in_stock": true,
    "promo_text": null,
    "sku": "137412",
    "rating": 4.4,
    "description": null
  },
  {
    "id": "82525",
    "name": "Reineta Congelada 500 g",
    "brand": "Cuisine & Co",
    "category": "carnes-y-pescados",
    "price": 9990,
    "price_original": null,
    "currency": "CLP",
    "size": null,
    "unit_price": 19980,
    "image_url": "https://jumbocl.vteximg.com.br/arquivos/ids/311399-250-250/Reineta-Congelada-500-g.jpg?v=638776393635600000",
    "productUrl": "https://www.jumbo.cl/reineta-sin-piel-500-g-cuisine-and-co-1773231/p",
    "in_stock": true,
    "promo_text": null,
    "sku": "82525",
    "rating": 4.7,
    "description": null
  },
  {
    "id": "32504",
    "name": "Salmón Filete No Tratado Fresco kg",
    "brand": "Pescadería Jumbo",
    "category": "carnes-y-pescados",
    "price": 10995,
    "price_original": null,
    "currency": "CLP",
    "size": null,
    "unit_price": 21990,
    "image_url": "https://jumbocl.vteximg.com.br/arquivos/ids/307024-250-250/Salmon-Filete-No-Tratado-Fresco-kg.jpg?v=638776383689000000",
    "productUrl": "https://www.jumbo.cl/salmon-no-tratado-con-antibioticos-aqua-austral-kg/p",
    "in_stock": true,
    "promo_text": null,
    "sku": "32504",
    "rating": 4.7,
    "description": null
  },
  {
    "id": "131141",
    "name": "Hamburguesa Carne Tradicional 2 un.",
    "brand": "Carnicería Propia",
    "category": "carnes-y-pescados",
    "price": 4980,
    "price_original": null,
    "currency": "CLP",
    "size": null,
    "unit_price": null,
    "image_url": "https://jumbocl.vteximg.com.br/arquivos/ids/320687-250-250/Hamburguesa-Carne-Tradicional--2-un.jpg?v=638776421628700000",
    "productUrl": "https://www.jumbo.cl/hamburguesa-tradicional-carne-vac-1934168/p",
    "in_stock": true,
    "promo_text": null,
    "sku": "131141",
    "rating": 4.3,
    "description": null
  },
  {
    "id": "78651",
    "name": "Pana de Pollo 600 g",
    "brand": "Super Pollo",
    "category": "carnes-y-pescados",
    "price": 2090,
    "price_original": null,
    "currency": "CLP",
    "size": null,
    "unit_price": 3483,
    "image_url": "https://jumbocl.vteximg.com.br/arquivos/ids/310802-250-250/Pana-de-Pollo-600-g.jpg?v=638776392271600000",
    "productUrl": "https://www.jumbo.cl/pana-pollo-super-pet-600-gr/p",
    "in_stock": true,
    "promo_text": null,
    "sku": "78651",
    "rating": 4.6,
    "description": null
  },
  {
    "id": "139011",
    "name": "Punta de Ganso Americana Farmers Al Vacío kg",
    "brand": "Farmers",
    "category": "carnes-y-pescados",
    "price": 28587,
    "price_original": null,
    "currency": "CLP",
    "size": null,
    "unit_price": 21990,
    "image_url": "https://jumbocl.vteximg.com.br/arquivos/ids/331461-250-250/Punta-de-Ganso-Americana-Farmers-Al-Vacio-kg.jpg?v=638776433161500000",
    "productUrl": "https://www.jumbo.cl/punta-de-ganso-eeu/p",
    "in_stock": true,
    "promo_text": null,
    "sku": "139011",
    "rating": 4.9,
    "description": null
  },
  {
    "id": "74386",
    "name": "Salmón Trozos Congelados 500 g",
    "brand": "Cuisine & Co",
    "category": "carnes-y-pescados",
    "price": 8990,
    "price_original": 10590,
    "currency": "CLP",
    "size": null,
    "unit_price": 17980,
    "image_url": "https://jumbocl.vteximg.com.br/arquivos/ids/310146-250-250/Salmon-En-Trozos-500-g.jpg?v=638776390983930000",
    "productUrl": "https://www.jumbo.cl/salmon-en-trozos-500-g-cuisine-and-co-1785290/p",
    "in_stock": true,
    "promo_text": "Paga $7.990",
    "sku": "74386",
    "rating": 4.5,
    "description": null
  },
  {
    "id": "90634",
    "name": "Bife de Lomo Vetado Mesón kg",
    "brand": "Carnicería Propia",
    "category": "carnes-y-pescados",
    "price": 17394,
    "price_original": null,
    "currency": "CLP",
    "size": null,
    "unit_price": 28990,
    "image_url": "https://jumbocl.vteximg.com.br/arquivos/ids/312159-250-250/Bife-de-Lomo-Vetado-Al-Vacio-kg.jpg?v=638776395817970000",
    "productUrl": "https://www.jumbo.cl/bife-de-lomo-vetado-meson-600-g-aprox/p",
    "in_stock": true,
    "promo_text": null,
    "sku": "90634",
    "rating": 5,
    "description": null
  },
  {
    "id": "17925",
    "name": "Baby Back Ribs Super Cerdo Cong 1 kg",
    "brand": "Super Cerdo",
    "category": "carnes-y-pescados",
    "price": 13990,
    "price_original": null,
    "currency": "CLP",
    "size": null,
    "unit_price": 13990,
    "image_url": "https://jumbocl.vteximg.com.br/arquivos/ids/352687-250-250/Costillas-de-cerdo-Baby-Back-Ribs-1-kg.jpg?v=638776694009170000",
    "productUrl": "https://www.jumbo.cl/costillas-de-cerdo-super-cerdo-1-kg/p",
    "in_stock": true,
    "promo_text": null,
    "sku": "17925",
    "rating": 4.7,
    "description": null
  },
  {
    "id": "139009",
    "name": "Lomo Vetado Americana Farmers Al Vacío kg",
    "brand": "Farmers",
    "category": "carnes-y-pescados",
    "price": 37188,
    "price_original": null,
    "currency": "CLP",
    "size": null,
    "unit_price": 30990,
    "image_url": "https://jumbocl.vteximg.com.br/arquivos/ids/331374-250-250/Lomo-Vetado-Americana-Farmers-Al-Vacio-kg.jpg?v=638787654087330000",
    "productUrl": "https://www.jumbo.cl/lomo-vetado-eeuu-v/p",
    "in_stock": true,
    "promo_text": null,
    "sku": "139009",
    "rating": 5,
    "description": null
  },
  {
    "id": "97943",
    "name": "Lomo Vetado Americana Brawley Al Vacío kg",
    "brand": "Brawley",
    "category": "carnes-y-pescados",
    "price": 31990,
    "price_original": null,
    "currency": "CLP",
    "size": null,
    "unit_price": 31990,
    "image_url": "https://jumbocl.vteximg.com.br/arquivos/ids/313129-250-250/Lomo-Vetado-Americana-Brawley-Al-Vacio-kg.jpg?v=638776398582370000",
    "productUrl": "https://www.jumbo.cl/lomo-vet-ribeye-eeuu-brawley-kg-v-1857085-kg/p",
    "in_stock": true,
    "promo_text": null,
    "sku": "97943",
    "rating": 4.7,
    "description": null
  },
  {
    "id": "24229",
    "name": "Trutro Largo Don Pollo kg",
    "brand": "Don Pollo",
    "category": "carnes-y-pescados",
    "price": 3951,
    "price_original": 4491,
    "currency": "CLP",
    "size": null,
    "unit_price": 4390,
    "image_url": "https://jumbocl.vteximg.com.br/arquivos/ids/354913-250-250/Trutro-largo-de-pollo-kg.jpg?v=638776704342430000",
    "productUrl": "https://www.jumbo.cl/trutro-largo-de-pollo-don-pollo-granel/p",
    "in_stock": true,
    "promo_text": null,
    "sku": "24229",
    "rating": 4,
    "description": null
  },
  {
    "id": "84990",
    "name": "Trutro Largo Pollo 730 g",
    "brand": "Super Pollo",
    "category": "carnes-y-pescados",
    "price": 4790,
    "price_original": null,
    "currency": "CLP",
    "size": null,
    "unit_price": 6562,
    "image_url": "https://jumbocl.vteximg.com.br/arquivos/ids/365704-250-250/Trutro-largo-pollo-730-g.jpg?v=638776760195030000",
    "productUrl": "https://www.jumbo.cl/trutro-largo-pollo-730-g/p",
    "in_stock": true,
    "promo_text": null,
    "sku": "84990",
    "rating": 5,
    "description": null
  },
  {
    "id": "24255",
    "name": "Pollo Entero Sin Marinar kg",
    "brand": "Canto del Gallo",
    "category": "carnes-y-pescados",
    "price": 8985,
    "price_original": null,
    "currency": "CLP",
    "size": null,
    "unit_price": 5990,
    "image_url": "https://jumbocl.vteximg.com.br/arquivos/ids/354929-250-250/Pollo-entero-sin-marinar-kg.jpg?v=638776704438730000",
    "productUrl": "https://www.jumbo.cl/pollo-entero-sin-marinar-canto-del-gallo-granel/p",
    "in_stock": true,
    "promo_text": null,
    "sku": "24255",
    "rating": 4.7,
    "description": null
  },
  {
    "id": "154183",
    "name": "Carne Cubos Carbonada 350 g",
    "brand": "Cuisine & Co",
    "category": "carnes-y-pescados",
    "price": 4990,
    "price_original": null,
    "currency": "CLP",
    "size": null,
    "unit_price": 14257,
    "image_url": "https://jumbocl.vteximg.com.br/arquivos/ids/488612-250-250/CARNE-CUBOS-CARBON.jpg?v=638894864888370000",
    "productUrl": "https://www.jumbo.cl/carne-cubos-carbonada-tpc-350-gr-2040863/p",
    "in_stock": true,
    "promo_text": null,
    "sku": "154183",
    "rating": null,
    "description": null
  },
  {
    "id": "127659",
    "name": "Chuletitas Cerdo Cuisine & Co 600 g",
    "brand": "Cuisine & Co",
    "category": "carnes-y-pescados",
    "price": 4790,
    "price_original": null,
    "currency": "CLP",
    "size": null,
    "unit_price": 7983,
    "image_url": "https://jumbocl.vteximg.com.br/arquivos/ids/393455-250-250/CHULETITAS-CUISINE-CO-600-GR.jpg?v=638776874633870000",
    "productUrl": "https://www.jumbo.cl/chuletitas-cuisine-and-co-600-gr-1961135/p",
    "in_stock": true,
    "promo_text": null,
    "sku": "127659",
    "rating": 4.5,
    "description": null
  },
  {
    "id": "139007",
    "name": "Entraña Americana Farmers Al Vacío kg",
    "brand": "Farmers",
    "category": "carnes-y-pescados",
    "price": 28990,
    "price_original": null,
    "currency": "CLP",
    "size": null,
    "unit_price": 28990,
    "image_url": "https://jumbocl.vteximg.com.br/arquivos/ids/331282-250-250/Entra%C3%B1a-Americana-Farmers-Al-Vacio-kg.jpg?v=638776433029300000",
    "productUrl": "https://www.jumbo.cl/entrana-eeuu-v-va/p",
    "in_stock": true,
    "promo_text": null,
    "sku": "139007",
    "rating": 4.3,
    "description": null
  },
  {
    "id": "149390",
    "name": "Pollo Deshuesado Ariztía MidLegs Original 750 g",
    "brand": "Ariztía",
    "category": "carnes-y-pescados",
    "price": 5690,
    "price_original": null,
    "currency": "CLP",
    "size": null,
    "unit_price": 7587,
    "image_url": "https://jumbocl.vteximg.com.br/arquivos/ids/442620-250-250/Pollo-Deshuesado-Ariztia-MidLegs-Original-750-g.jpg?v=638835527689830000",
    "productUrl": "https://www.jumbo.cl/pollo-deshues-orig-2039159/p",
    "in_stock": true,
    "promo_text": null,
    "sku": "149390",
    "rating": null,
    "description": null
  },
  {
    "id": "90875",
    "name": "Pechuga Deshuesada Natural 700 g",
    "brand": "Super Pollo",
    "category": "carnes-y-pescados",
    "price": 7990,
    "price_original": null,
    "currency": "CLP",
    "size": null,
    "unit_price": 11414,
    "image_url": "https://jumbocl.vteximg.com.br/arquivos/ids/367444-250-250/Pechuga-deshuesada-natural-700-g.jpg?v=638776767996500000",
    "productUrl": "https://www.jumbo.cl/pechuga-deshuesada-natural-700-g/p",
    "in_stock": true,
    "promo_text": null,
    "sku": "90875",
    "rating": 5,
    "description": null
  },
  {
    "id": "149391",
    "name": "Pollo Deshuesado Ahumado Midlegs Ariztía 750 g",
    "brand": "Ariztía",
    "category": "carnes-y-pescados",
    "price": 5690,
    "price_original": null,
    "currency": "CLP",
    "size": null,
    "unit_price": 7587,
    "image_url": "https://jumbocl.vteximg.com.br/arquivos/ids/438160-250-250/Pollo-Deshuesado-Ariztia-Ahu-Midlegs-750-g.jpg?v=638831040495700000",
    "productUrl": "https://www.jumbo.cl/pollo-deshues-ahum-2039160/p",
    "in_stock": true,
    "promo_text": null,
    "sku": "149391",
    "rating": 3,
    "description": null
  },
  {
    "id": "113328",
    "name": "Osobuco kg",
    "brand": "Cuisine & Co",
    "category": "carnes-y-pescados",
    "price": 13790,
    "price_original": null,
    "currency": "CLP",
    "size": null,
    "unit_price": 13790,
    "image_url": "https://jumbocl.vteximg.com.br/arquivos/ids/380301-250-250/Osobuco-1-kg.jpg?v=638776822649970000",
    "productUrl": "https://www.jumbo.cl/osobuco-v-1kg-cuisine-and-co-nbe-mp-1930363/p",
    "in_stock": true,
    "promo_text": null,
    "sku": "113328",
    "rating": 4.6,
    "description": null
  },
  {
    "id": "118894",
    "name": "Pana de Pollo Ariztía 600 g",
    "brand": "Ariztía",
    "category": "carnes-y-pescados",
    "price": 2090,
    "price_original": null,
    "currency": "CLP",
    "size": null,
    "unit_price": 3483,
    "image_url": "https://jumbocl.vteximg.com.br/arquivos/ids/384169-250-250/PANA-DE-POLLO-ARIZTIA-600G.jpg?v=638776838933030000",
    "productUrl": "https://www.jumbo.cl/pana-de-pollo-ariztia-600g-1938620/p",
    "in_stock": true,
    "promo_text": null,
    "sku": "118894",
    "rating": 5,
    "description": null
  },
  {
    "id": "139006",
    "name": "Arrachera Americana Farmers Al Vacío kg",
    "brand": "Farmers",
    "category": "carnes-y-pescados",
    "price": 26388,
    "price_original": null,
    "currency": "CLP",
    "size": null,
    "unit_price": 21990,
    "image_url": "https://jumbocl.vteximg.com.br/arquivos/ids/331240-250-250/Arrachera-Americana-Farmers-Al-Vacio-kg.jpg?v=638776432998000000",
    "productUrl": "https://www.jumbo.cl/tapabarrigaarrach/p",
    "in_stock": true,
    "promo_text": null,
    "sku": "139006",
    "rating": 5,
    "description": null
  },
  {
    "id": "48154",
    "name": "Atún Congelado 500 g",
    "brand": "Cuisine & Co",
    "category": "carnes-y-pescados",
    "price": 8990,
    "price_original": null,
    "currency": "CLP",
    "size": null,
    "unit_price": 17980,
    "image_url": "https://jumbocl.vteximg.com.br/arquivos/ids/307993-250-250/Atun-Congelado-500-g.jpg?v=638776385848330000",
    "productUrl": "https://www.jumbo.cl/atun-congelado-500-g-cuisine-and-co-1716103/p",
    "in_stock": true,
    "promo_text": null,
    "sku": "48154",
    "rating": 4.9,
    "description": null
  },
  {
    "id": "24227",
    "name": "Pechuga Entera Don Pollo kg",
    "brand": "Don Pollo",
    "category": "carnes-y-pescados",
    "price": 5751,
    "price_original": null,
    "currency": "CLP",
    "size": null,
    "unit_price": 6390,
    "image_url": "https://jumbocl.vteximg.com.br/arquivos/ids/354906-250-250/Pechuga-entera-de-pollo-kg.jpg?v=638776704314730000",
    "productUrl": "https://www.jumbo.cl/pechuga-entera-de-pollo-don-pollo-granel/p",
    "in_stock": true,
    "promo_text": null,
    "sku": "24227",
    "rating": 4.9,
    "description": null
  },
  {
    "id": "137413",
    "name": "Asiento Desgrasado Bandeja 900 g",
    "brand": "Cuisine & Co",
    "category": "carnes-y-pescados",
    "price": 19971,
    "price_original": null,
    "currency": "CLP",
    "size": null,
    "unit_price": 22190,
    "image_url": "https://jumbocl.vteximg.com.br/arquivos/ids/328058-250-250/Asiento-Desgrasado-Bandeja-900-g.jpg?v=638986882332130000",
    "productUrl": "https://www.jumbo.cl/asiento-v-desg-atm-prodj-kg-1996519-kg/p",
    "in_stock": true,
    "promo_text": null,
    "sku": "137413",
    "rating": 5,
    "description": null
  },
  {
    "id": "146349",
    "name": "Asado de Tira EEUU-V Farmers kg",
    "brand": "Al vacío",
    "category": "carnes-y-pescados",
    "price": 20990,
    "price_original": null,
    "currency": "CLP",
    "size": null,
    "unit_price": 20990,
    "image_url": "https://jumbocl.vteximg.com.br/arquivos/ids/430005-250-250/Asado-de-Tira-EEUU-V-Farmers-kg.jpg?v=638814668454900000",
    "productUrl": "https://www.jumbo.cl/asado-de-tira-eeuu-v-farmers-kg-2019839-kg/p",
    "in_stock": true,
    "promo_text": null,
    "sku": "146349",
    "rating": 5,
    "description": null
  },
  {
    "id": "24253",
    "name": "Trutro Corto de Pollo kg",
    "brand": "Quirch Foods",
    "category": "carnes-y-pescados",
    "price": 11109,
    "price_original": null,
    "currency": "CLP",
    "size": null,
    "unit_price": 5290,
    "image_url": "https://jumbocl.vteximg.com.br/arquivos/ids/354924-250-250/Trutro-corto-de-pollo-kg.jpg?v=638776704402030000",
    "productUrl": "https://www.jumbo.cl/trutro-corto-de-pollo-kikiriquirch-granel/p",
    "in_stock": true,
    "promo_text": null,
    "sku": "24253",
    "rating": 5,
    "description": null
  },
  {
    "id": "153901",
    "name": "Carne Tartar de Asiento 200 g",
    "brand": "Carnicería Propia",
    "category": "carnes-y-pescados",
    "price": 4990,
    "price_original": null,
    "currency": "CLP",
    "size": null,
    "unit_price": null,
    "image_url": "https://jumbocl.vteximg.com.br/arquivos/ids/495125-250-250/Carne-Tartar-de-Asiento.jpg?v=638911474086730000",
    "productUrl": "https://www.jumbo.cl/carne-tartar-de-asiento/p",
    "in_stock": true,
    "promo_text": null,
    "sku": "153901",
    "rating": null,
    "description": null
  },
  {
    "id": "148003",
    "name": "Filetitos de Pollo Sadia 1 kg",
    "brand": "Sadia",
    "category": "carnes-y-pescados",
    "price": 6990,
    "price_original": null,
    "currency": "CLP",
    "size": null,
    "unit_price": 6990,
    "image_url": "https://jumbocl.vteximg.com.br/arquivos/ids/413781-250-250/Filetitos-de-Pollo-Sadia-1-kg.jpg?v=638798105739530000",
    "productUrl": "https://www.jumbo.cl/pollo-filetitos-1k-2034040/p",
    "in_stock": true,
    "promo_text": null,
    "sku": "148003",
    "rating": null,
    "description": null
  },
  {
    "id": "134542",
    "name": "Filetitos de Pechuga Congelados 1.5 kg",
    "brand": "Super Pollo",
    "category": "carnes-y-pescados",
    "price": 14990,
    "price_original": null,
    "currency": "CLP",
    "size": null,
    "unit_price": 9993,
    "image_url": "https://jumbocl.vteximg.com.br/arquivos/ids/322332-250-250/Filetitos-de-Pechuga-Congelados-15-kg.jpg?v=638776425929200000",
    "productUrl": "https://www.jumbo.cl/filete-pollo-1-5-kg-envasado-cong-sp-1983117/p",
    "in_stock": true,
    "promo_text": null,
    "sku": "134542",
    "rating": 4.7,
    "description": null
  },
  {
    "id": "17924",
    "name": "Entraña Cerdo Super Cerdo Cong 800 g",
    "brand": "Super Cerdo",
    "category": "carnes-y-pescados",
    "price": 8490,
    "price_original": 9990,
    "currency": "CLP",
    "size": null,
    "unit_price": 10613,
    "image_url": "https://jumbocl.vteximg.com.br/arquivos/ids/303923-250-250/Entra%C3%B1a-Porcionada-Super-Cerdo-800-g.jpg?v=638776378398030000",
    "productUrl": "https://www.jumbo.cl/entrana-super-cerdo-800-g/p",
    "in_stock": true,
    "promo_text": null,
    "sku": "17924",
    "rating": 5,
    "description": null
  },
  {
    "id": "138182",
    "name": "Medallon Lomo Cerdo Super Cerdo Cong 120 g",
    "brand": "Super Cerdo",
    "category": "carnes-y-pescados",
    "price": 1590,
    "price_original": null,
    "currency": "CLP",
    "size": null,
    "unit_price": 13250,
    "image_url": "https://jumbocl.vteximg.com.br/arquivos/ids/329377-250-250/MEDALLON-DE-LOMO-IQF-SUPER-CERDO-120-GR.jpg?v=638776431698770000",
    "productUrl": "https://www.jumbo.cl/medallon-de-lomo-iqf-super-cerdo-120-gr-1998595/p",
    "in_stock": true,
    "promo_text": null,
    "sku": "138182",
    "rating": 5,
    "description": null
  },
  {
    "id": "80172",
    "name": "Pollo Barriga Al Vacío kg",
    "brand": "Carnicería Propia",
    "category": "carnes-y-pescados",
    "price": 13788,
    "price_original": null,
    "currency": "CLP",
    "size": null,
    "unit_price": 11490,
    "image_url": "https://jumbocl.vteximg.com.br/arquivos/ids/310876-250-250/Pollo-Barriga-Al-Vacio-kg.jpg?v=638776392443870000",
    "productUrl": "https://www.jumbo.cl/pollo-barriga-nacional-v-jumbo-kg/p",
    "in_stock": true,
    "promo_text": null,
    "sku": "80172",
    "rating": null,
    "description": null
  },
  {
    "id": "140458",
    "name": "Mollejas Vacuno EEUU Farmers Pote Congelado 500 g",
    "brand": "Farmers",
    "category": "carnes-y-pescados",
    "price": 6995,
    "price_original": null,
    "currency": "CLP",
    "size": null,
    "unit_price": 13990,
    "image_url": "https://jumbocl.vteximg.com.br/arquivos/ids/333420-250-250/Mollejas-vacuno-EEUU-Farmers-pote-congelado-500-kg.jpg?v=638776434882630000",
    "productUrl": "https://www.jumbo.cl/mollejas-vacuno-eeuu-farmers-pote-congelado-500-kg/p",
    "in_stock": true,
    "promo_text": null,
    "sku": "140458",
    "rating": 5,
    "description": null
  },
  {
    "id": "146347",
    "name": "Asado de Tira Ventana EEUU-V Farmers kg",
    "brand": "Al vacío",
    "category": "carnes-y-pescados",
    "price": 19990,
    "price_original": null,
    "currency": "CLP",
    "size": null,
    "unit_price": 19990,
    "image_url": "https://jumbocl.vteximg.com.br/arquivos/ids/430009-250-250/Asado-de-Tira-Ventana-EEUU-V-Farmers-kg.jpg?v=638814668472700000",
    "productUrl": "https://www.jumbo.cl/asado-de-tira-vent-eeuu-v-farmers-kg-2019840-kg/p",
    "in_stock": true,
    "promo_text": null,
    "sku": "146347",
    "rating": 2,
    "description": null
  },
  {
    "id": "154048",
    "name": "Albóndigas Super Pollo de Pollo Congeladas 350 g",
    "brand": "Super Pollo",
    "category": "carnes-y-pescados",
    "price": 2890,
    "price_original": null,
    "currency": "CLP",
    "size": null,
    "unit_price": 8257,
    "image_url": "https://jumbocl.vteximg.com.br/arquivos/ids/489611-250-250/Albondiga-Pollo-Congelada-Super-350-g.jpg?v=638901031543030000",
    "productUrl": "https://www.jumbo.cl/albondiga-pollo-congelada-super-350-gr-2044256/p",
    "in_stock": true,
    "promo_text": null,
    "sku": "154048",
    "rating": null,
    "description": null
  },
  {
    "id": "137416",
    "name": "Filete Desgrasado Bandeja 900 g",
    "brand": "Cuisine & Co",
    "category": "carnes-y-pescados",
    "price": 25551,
    "price_original": null,
    "currency": "CLP",
    "size": null,
    "unit_price": 28390,
    "image_url": "https://jumbocl.vteximg.com.br/arquivos/ids/328178-250-250/Filete-Desgrasado-Bandeja-900-g.jpg?v=638776430608970000",
    "productUrl": "https://www.jumbo.cl/filete-v-desg-atm-prodj-kg-1995232-kg/p",
    "in_stock": true,
    "promo_text": null,
    "sku": "137416",
    "rating": 5,
    "description": null
  },
  {
    "id": "79506",
    "name": "Baby Back Ribs Super Cerdo kg",
    "brand": "Super Cerdo",
    "category": "carnes-y-pescados",
    "price": 7343,
    "price_original": 9093,
    "currency": "CLP",
    "size": null,
    "unit_price": 10490,
    "image_url": "https://jumbocl.vteximg.com.br/arquivos/ids/364133-250-250/Costillas-de-cerdo-Baby-Back-Ribs-kg.jpg?v=638776752383770000",
    "productUrl": "https://www.jumbo.cl/costillas-de-cerdo-baby-back-ribs-kg/p",
    "in_stock": true,
    "promo_text": null,
    "sku": "79506",
    "rating": 4.8,
    "description": null
  },
  {
    "id": "94120",
    "name": "Carne Molida Ariztía Trutro Pavo 400 g",
    "brand": "Ariztía",
    "category": "carnes-y-pescados",
    "price": 3290,
    "price_original": null,
    "currency": "CLP",
    "size": null,
    "unit_price": 8225,
    "image_url": "https://jumbocl.vteximg.com.br/arquivos/ids/368498-250-250/Carne-molida-trutro-pavo-400-g.jpg?v=638776772952800000",
    "productUrl": "https://www.jumbo.cl/carne-molida-trutro-pavo-400-g/p",
    "in_stock": true,
    "promo_text": null,
    "sku": "94120",
    "rating": 4.4,
    "description": null
  },
  {
    "id": "139012",
    "name": "Punta Picana Americana Farmers Al Vacío kg",
    "brand": "Farmers",
    "category": "carnes-y-pescados",
    "price": 25186,
    "price_original": null,
    "currency": "CLP",
    "size": null,
    "unit_price": 17990,
    "image_url": "https://jumbocl.vteximg.com.br/arquivos/ids/331507-250-250/Punta-Picana-Americana-Farmers-Al-Vacio-kg.jpg?v=638776433204200000",
    "productUrl": "https://www.jumbo.cl/punta-picana-eeuu/p",
    "in_stock": true,
    "promo_text": null,
    "sku": "139012",
    "rating": 4,
    "description": null
  },
  {
    "id": "74385",
    "name": "Salmón Filete Congelado 500 g",
    "brand": "Cuisine & Co",
    "category": "carnes-y-pescados",
    "price": 8990,
    "price_original": 10590,
    "currency": "CLP",
    "size": null,
    "unit_price": 17980,
    "image_url": "https://jumbocl.vteximg.com.br/arquivos/ids/310438-250-250/Salmon-Filete-500-g.jpg?v=638776391528730000",
    "productUrl": "https://www.jumbo.cl/salmon-filete-500-g-cuisine-and-co-1785289/p",
    "in_stock": true,
    "promo_text": "Paga $7.990",
    "sku": "74385",
    "rating": 4.7,
    "description": null
  },
  {
    "id": "934",
    "name": "Lomo Liso Premium A Punto Al Vacío kg",
    "brand": "A Punto",
    "category": "carnes-y-pescados",
    "price": 31187,
    "price_original": null,
    "currency": "CLP",
    "size": null,
    "unit_price": 23990,
    "image_url": "https://jumbocl.vteximg.com.br/arquivos/ids/298279-250-250/Lomo-Liso-Premium-A-Punto-Al-Vacio-kg.jpg?v=638775750439800000",
    "productUrl": "https://www.jumbo.cl/lomo-liso-angusa-punto-15-kg-aprox/p",
    "in_stock": true,
    "promo_text": null,
    "sku": "934",
    "rating": 5,
    "description": null
  },
  {
    "id": "139010",
    "name": "Palanca Americana Farmers Al Vacío kg",
    "brand": "Farmers",
    "category": "carnes-y-pescados",
    "price": 24189,
    "price_original": null,
    "currency": "CLP",
    "size": null,
    "unit_price": 21990,
    "image_url": "https://jumbocl.vteximg.com.br/arquivos/ids/331422-250-250/Palanca-Americana-Farmers-Al-Vacio-kg.jpg?v=638776433127770000",
    "productUrl": "https://www.jumbo.cl/palanca-eeuu-v-vac/p",
    "in_stock": true,
    "promo_text": null,
    "sku": "139010",
    "rating": 4.8,
    "description": null
  },
  {
    "id": "137415",
    "name": "Lomo Liso Desgrasado Bandeja 900 g",
    "brand": "Cuisine & Co",
    "category": "carnes-y-pescados",
    "price": 23571,
    "price_original": null,
    "currency": "CLP",
    "size": null,
    "unit_price": 26190,
    "image_url": "https://jumbocl.vteximg.com.br/arquivos/ids/328140-250-250/Lomo-Liso-Desgrasado-Bandeja-900-g.jpg?v=638776430573930000",
    "productUrl": "https://www.jumbo.cl/lomo-liso-v-desg-atm-prodj-kg-1996518-kg/p",
    "in_stock": true,
    "promo_text": null,
    "sku": "137415",
    "rating": 5,
    "description": null
  },
  {
    "id": "78058",
    "name": "Pulpa Chilena Cerdo Super Cerdo 900 g",
    "brand": "Super Cerdo",
    "category": "carnes-y-pescados",
    "price": 7990,
    "price_original": null,
    "currency": "CLP",
    "size": null,
    "unit_price": 8878,
    "image_url": "https://jumbocl.vteximg.com.br/arquivos/ids/480156-250-250/Pulpa-Chilena-Cerdo-Super-Cerdo-900-g.jpg?v=638881418376100000",
    "productUrl": "https://www.jumbo.cl/pulpa-a-la-chilena-super-cerdo-900-gr/p",
    "in_stock": true,
    "promo_text": null,
    "sku": "78058",
    "rating": 4.9,
    "description": null
  },
  {
    "id": "146344",
    "name": "Asado de Tira Bandera EEUU-V Farmers kg",
    "brand": "Al vacío",
    "category": "carnes-y-pescados",
    "price": 23990,
    "price_original": null,
    "currency": "CLP",
    "size": null,
    "unit_price": 23990,
    "image_url": "https://jumbocl.vteximg.com.br/arquivos/ids/503178-250-250/2019838-KG-02_696020.jpg?v=638925347140630000",
    "productUrl": "https://www.jumbo.cl/asado-de-tira-band-eeuu-v-farmers-kg-2019838-kg/p",
    "in_stock": true,
    "promo_text": null,
    "sku": "146344",
    "rating": null,
    "description": null
  },
  {
    "id": "11501",
    "name": "Plateada Lomo Cerdo Super Cerdo 1 kg",
    "brand": "Super Cerdo",
    "category": "carnes-y-pescados",
    "price": 10290,
    "price_original": 11690,
    "currency": "CLP",
    "size": null,
    "unit_price": 10290,
    "image_url": "https://jumbocl.vteximg.com.br/arquivos/ids/350914-250-250/Plateada-de-lomo1-kg.jpg?v=638776683247670000",
    "productUrl": "https://www.jumbo.cl/plateada-de-lomo-super-cerdo/p",
    "in_stock": true,
    "promo_text": null,
    "sku": "11501",
    "rating": 4.7,
    "description": null
  },
  {
    "id": "140357",
    "name": "Plateada Chilena Cerdo 400 g",
    "brand": "Cuisine & Co",
    "category": "carnes-y-pescados",
    "price": 4190,
    "price_original": null,
    "currency": "CLP",
    "size": null,
    "unit_price": 10475,
    "image_url": "https://jumbocl.vteximg.com.br/arquivos/ids/333427-250-250/Plateadita-Chilena-Cuisine---Co-400-g.jpg?v=638776434888170000",
    "productUrl": "https://www.jumbo.cl/plateadita-chilena-cuisine-and-co-400-gr-1996595/p",
    "in_stock": true,
    "promo_text": null,
    "sku": "140357",
    "rating": null,
    "description": null
  },
  {
    "id": "122945",
    "name": "Tuetano de Vacuno Congelado Bolsa 500 g",
    "brand": "Carnicería Propia",
    "category": "carnes-y-pescados",
    "price": 4495,
    "price_original": null,
    "currency": "CLP",
    "size": null,
    "unit_price": 8990,
    "image_url": "https://jumbocl.vteximg.com.br/arquivos/ids/318273-250-250/Tuetano-de-vacuno-nacional-congelado-kg.jpg?v=638776413935070000",
    "productUrl": "https://www.jumbo.cl/tuetano-de-vacuno-nac-cong-ft-kg-1938217-kg/p",
    "in_stock": true,
    "promo_text": null,
    "sku": "122945",
    "rating": 5,
    "description": null
  },
  {
    "id": "97112",
    "name": "Tapabarriga Arrachera Americana Brawley Al Vacío kg",
    "brand": "Brawley",
    "category": "carnes-y-pescados",
    "price": 18392,
    "price_original": null,
    "currency": "CLP",
    "size": null,
    "unit_price": 22990,
    "image_url": "https://jumbocl.vteximg.com.br/arquivos/ids/312787-250-250/Arrachera-Americana-Brawley-Al-Vacio-kg.jpg?v=638776397581730000",
    "productUrl": "https://www.jumbo.cl/tap-arrach-eeuu-v-vacio-kg-brawley-1839048-kg/p",
    "in_stock": true,
    "promo_text": null,
    "sku": "97112",
    "rating": 5,
    "description": null
  },
  {
    "id": "137231",
    "name": "Porciones de Bacalao Congelado 454 g",
    "brand": "Panamei",
    "category": "carnes-y-pescados",
    "price": 4990,
    "price_original": 9990,
    "currency": "CLP",
    "size": null,
    "unit_price": 10991,
    "image_url": "https://jumbocl.vteximg.com.br/arquivos/ids/478703-250-250/Bacalao-Congelado-454-g.jpg?v=638877519661430000",
    "productUrl": "https://www.jumbo.cl/cod-portion-panamei-454gr-1996591/p",
    "in_stock": true,
    "promo_text": null,
    "sku": "137231",
    "rating": null,
    "description": null
  },
  {
    "id": "10446",
    "name": "Merluza Filete Apanadas 500 g",
    "brand": "El Golfo",
    "category": "carnes-y-pescados",
    "price": 6990,
    "price_original": null,
    "currency": "CLP",
    "size": null,
    "unit_price": 13980,
    "image_url": "https://jumbocl.vteximg.com.br/arquivos/ids/301598-250-250/Merluza-Filete-Apanadas-500-g.jpg?v=638776375089900000",
    "productUrl": "https://www.jumbo.cl/merluza-el-golfo-500-g-filetes-apanados-congelados-2/p",
    "in_stock": true,
    "promo_text": null,
    "sku": "10446",
    "rating": 4.6,
    "description": null
  },
  {
    "id": "90972",
    "name": "Ojo de Bife Lomo Vetado Al Vacío kg",
    "brand": "Carnicería Propia",
    "category": "carnes-y-pescados",
    "price": 13046,
    "price_original": null,
    "currency": "CLP",
    "size": null,
    "unit_price": 28990,
    "image_url": "https://jumbocl.vteximg.com.br/arquivos/ids/312130-250-250/Ojo-de-Bife-Lomo-Vetado-Al-Vacio-kg.jpg?v=638776395731430000",
    "productUrl": "https://www.jumbo.cl/ojo-de-bife-lomo-vetado-premium-meson-450-g/p",
    "in_stock": true,
    "promo_text": null,
    "sku": "90972",
    "rating": 4.9,
    "description": null
  },
  {
    "id": "17904",
    "name": "Solomillo Cerdo Americano Congelado kg",
    "brand": "Americano",
    "category": "carnes-y-pescados",
    "price": 7590,
    "price_original": null,
    "currency": "CLP",
    "size": null,
    "unit_price": 7590,
    "image_url": "https://jumbocl.vteximg.com.br/arquivos/ids/352675-250-250/Solomillo-americano-congelado-kg.jpg?v=638776693942770000",
    "productUrl": "https://www.jumbo.cl/solomillo-americano-quirch-granel/p",
    "in_stock": true,
    "promo_text": null,
    "sku": "17904",
    "rating": 5,
    "description": null
  },
  {
    "id": "132709",
    "name": "Asado Carnicero Super Cerdo 400 g",
    "brand": "Super Cerdo",
    "category": "carnes-y-pescados",
    "price": 3290,
    "price_original": null,
    "currency": "CLP",
    "size": null,
    "unit_price": 8225,
    "image_url": "https://jumbocl.vteximg.com.br/arquivos/ids/400275-250-250/Asado-Carnicero-Super-Cerdo-400-g.jpg?v=638776900799900000",
    "productUrl": "https://www.jumbo.cl/asado-carnicero-super-cerdo-400-gr-1983617/p",
    "in_stock": true,
    "promo_text": null,
    "sku": "132709",
    "rating": 5,
    "description": null
  },
  {
    "id": "87616",
    "name": "Lomo Liso Americana Brawley Al Vacío kg",
    "brand": "Brawley",
    "category": "carnes-y-pescados",
    "price": 35087,
    "price_original": null,
    "currency": "CLP",
    "size": null,
    "unit_price": 26990,
    "image_url": "https://jumbocl.vteximg.com.br/arquivos/ids/311677-250-250/Lomo-Liso-Americana-Brawley-Al-Vacio-kg.jpg?v=638776394343170000",
    "productUrl": "https://www.jumbo.cl/lomo-liso-strip-loin-usa-kg/p",
    "in_stock": true,
    "promo_text": null,
    "sku": "87616",
    "rating": 5,
    "description": null
  },
  {
    "id": "138184",
    "name": "Chuleta Centro Super Cerdo Cong 140 g",
    "brand": "Super Cerdo",
    "category": "carnes-y-pescados",
    "price": 1690,
    "price_original": null,
    "currency": "CLP",
    "size": null,
    "unit_price": 12071,
    "image_url": "https://jumbocl.vteximg.com.br/arquivos/ids/329477-250-250/CHULETA-CENTRO-IQF-SUPER-CERDO-140-GR.jpg?v=638776431766100000",
    "productUrl": "https://www.jumbo.cl/chuleta-centro-iqf-super-cerdo-140-gr-1998597/p",
    "in_stock": true,
    "promo_text": null,
    "sku": "138184",
    "rating": 5,
    "description": null
  },
  {
    "id": "24137",
    "name": "Merluza Filete Congelada 500 g",
    "brand": "El Golfo",
    "category": "carnes-y-pescados",
    "price": 5790,
    "price_original": null,
    "currency": "CLP",
    "size": null,
    "unit_price": 11580,
    "image_url": "https://jumbocl.vteximg.com.br/arquivos/ids/305066-250-250/Merluza-Filete-Congelada-500-g.jpg?v=638776381185770000",
    "productUrl": "https://www.jumbo.cl/filetes-de-merluza-el-golfo-500-g/p",
    "in_stock": true,
    "promo_text": null,
    "sku": "24137",
    "rating": 4.8,
    "description": null
  },
  {
    "id": "138530",
    "name": "Plateada Lomo Criollo Cerdo Super Cerdo 400 g",
    "brand": "Super Cerdo",
    "category": "carnes-y-pescados",
    "price": 4990,
    "price_original": null,
    "currency": "CLP",
    "size": null,
    "unit_price": 12475,
    "image_url": "https://jumbocl.vteximg.com.br/arquivos/ids/329883-250-250/PLATEADA-CRIOLLO-PICANTE-SUPER-400-GR.jpg?v=638776432043430000",
    "productUrl": "https://www.jumbo.cl/plateada-criollo-picante-super-400-gr-1998598/p",
    "in_stock": true,
    "promo_text": null,
    "sku": "138530",
    "rating": 5,
    "description": null
  },
  {
    "id": "93445",
    "name": "Entraña Americana Brawley Al Vacío kg",
    "brand": "Brawley",
    "category": "carnes-y-pescados",
    "price": 29990,
    "price_original": null,
    "currency": "CLP",
    "size": null,
    "unit_price": 29990,
    "image_url": "https://jumbocl.vteximg.com.br/arquivos/ids/312459-250-250/Entra%C3%B1a-Americana-Brawley-Al-Vacio-kg.jpg?v=638776396620200000",
    "productUrl": "https://www.jumbo.cl/entrana-usa-cat-v-kg-brawley/p",
    "in_stock": true,
    "promo_text": null,
    "sku": "93445",
    "rating": null,
    "description": null
  },
  {
    "id": "113366",
    "name": "Asado de Tira kg",
    "brand": "Cuisine & Co",
    "category": "carnes-y-pescados",
    "price": 14590,
    "price_original": null,
    "currency": "CLP",
    "size": null,
    "unit_price": 14590,
    "image_url": "https://jumbocl.vteximg.com.br/arquivos/ids/380347-250-250/Asado-de-tira-1-kg.jpg?v=638776822876570000",
    "productUrl": "https://www.jumbo.cl/asado-de-tira-v-1kg-cuisine-and-co-nbe-mp-1930362/p",
    "in_stock": true,
    "promo_text": null,
    "sku": "113366",
    "rating": 4.4,
    "description": null
  },
  {
    "id": "74370",
    "name": "Trucha Filete Congelada 500 g",
    "brand": "Entre Ríos",
    "category": "carnes-y-pescados",
    "price": 8990,
    "price_original": null,
    "currency": "CLP",
    "size": null,
    "unit_price": 17980,
    "image_url": "https://jumbocl.vteximg.com.br/arquivos/ids/362872-250-250/Trucha-filete-500-g.jpg?v=638776745384500000",
    "productUrl": "https://www.jumbo.cl/trucha-filete-cong-entre-rios-500-g/p",
    "in_stock": true,
    "promo_text": null,
    "sku": "74370",
    "rating": 4.8,
    "description": null
  },
  {
    "id": "102853",
    "name": "Palanca Americana Brawley Al Vacío kg",
    "brand": "Brawley",
    "category": "carnes-y-pescados",
    "price": 20691,
    "price_original": null,
    "currency": "CLP",
    "size": null,
    "unit_price": 22990,
    "image_url": "https://jumbocl.vteximg.com.br/arquivos/ids/313891-250-250/Palanca-Americana-Brawley-Al-Vacio-kg.jpg?v=638776400770370000",
    "productUrl": "https://www.jumbo.cl/palanca-usa-cat-v/p",
    "in_stock": true,
    "promo_text": null,
    "sku": "102853",
    "rating": 5,
    "description": null
  },
  {
    "id": "90638",
    "name": "Lomo Vetado Desgrasado Mesón kg",
    "brand": "Carnicería Propia",
    "category": "carnes-y-pescados",
    "price": 20293,
    "price_original": null,
    "currency": "CLP",
    "size": null,
    "unit_price": 28990,
    "image_url": "https://jumbocl.vteximg.com.br/arquivos/ids/312216-250-250/Lomo-Vetado-Desgrasado-kg.jpg?v=638776395962530000",
    "productUrl": "https://www.jumbo.cl/lomo-vetado-desgrasado-meson-700-g-aprox/p",
    "in_stock": true,
    "promo_text": null,
    "sku": "90638",
    "rating": 4.6,
    "description": null
  },
  {
    "id": "90639",
    "name": "Medallón de Filete Mesón kg",
    "brand": "Carnicería Propia",
    "category": "carnes-y-pescados",
    "price": 52683,
    "price_original": null,
    "currency": "CLP",
    "size": null,
    "unit_price": 30990,
    "image_url": "https://jumbocl.vteximg.com.br/arquivos/ids/312243-250-250/Medallon-de-Filete-Al-Vacio-kg.jpg?v=638776396013830000",
    "productUrl": "https://www.jumbo.cl/medallon-de-filete-meson-500-g-aprox/p",
    "in_stock": true,
    "promo_text": null,
    "sku": "90639",
    "rating": 3.7,
    "description": null
  },
  {
    "id": "92246",
    "name": "Erizos Frescos 200 g",
    "brand": "Pescadería Jumbo",
    "category": "carnes-y-pescados",
    "price": 11990,
    "price_original": null,
    "currency": "CLP",
    "size": null,
    "unit_price": 59950,
    "image_url": "https://jumbocl.vteximg.com.br/arquivos/ids/430021-250-250/Erizos-Frescos-200-g.jpg?v=638814668553230000",
    "productUrl": "https://www.jumbo.cl/erizo-pote-170-grs-unidad/p",
    "in_stock": true,
    "promo_text": null,
    "sku": "92246",
    "rating": 4.9,
    "description": null
  },
  {
    "id": "157902",
    "name": "Hamburguesa de Jurel San José 100 g",
    "brand": "San José",
    "category": "carnes-y-pescados",
    "price": 990,
    "price_original": null,
    "currency": "CLP",
    "size": null,
    "unit_price": 9900,
    "image_url": "https://jumbocl.vteximg.com.br/arquivos/ids/528483-250-250/Hamburguesa-de-Jurel-San-Jose-100-g.jpg?v=638967406156070000",
    "productUrl": "https://www.jumbo.cl/hamburguesa-de-jurel-san-jose-100gr-2052546/p",
    "in_stock": true,
    "promo_text": null,
    "sku": "157902",
    "rating": null,
    "description": null
  },
  {
    "id": "935",
    "name": "Lomo Vetado Premium A Punto Al Vacío kg",
    "brand": "A Punto",
    "category": "carnes-y-pescados",
    "price": 29689,
    "price_original": null,
    "currency": "CLP",
    "size": null,
    "unit_price": 26990,
    "image_url": "https://jumbocl.vteximg.com.br/arquivos/ids/298282-250-250/Lomo-Vetado-Premium-A-Punto-Al-Vacio-kg.jpg?v=638775750479930000",
    "productUrl": "https://www.jumbo.cl/lomo-vetado-angus-a-punto-11-kg-aprox/p",
    "in_stock": true,
    "promo_text": null,
    "sku": "935",
    "rating": 5,
    "description": null
  },
  {
    "id": "17926",
    "name": "Costillitas Cerdo Chilena Super Cerdo 700 g",
    "brand": "Super Cerdo",
    "category": "carnes-y-pescados",
    "price": 7590,
    "price_original": null,
    "currency": "CLP",
    "size": null,
    "unit_price": 10843,
    "image_url": "https://jumbocl.vteximg.com.br/arquivos/ids/303950-250-250/Costillitas-Super-Cerdo-A-La-Chilena-700-g.jpg?v=638776378453570000",
    "productUrl": "https://www.jumbo.cl/costillitas-a-la-chilena-super-cerdo-700-g/p",
    "in_stock": true,
    "promo_text": null,
    "sku": "17926",
    "rating": 4.3,
    "description": null
  },
  {
    "id": "92253",
    "name": "Choro Maltón Fresco kg",
    "brand": "Pescadería Jumbo",
    "category": "carnes-y-pescados",
    "price": 3990,
    "price_original": null,
    "currency": "CLP",
    "size": null,
    "unit_price": 3990,
    "image_url": "https://jumbocl.vteximg.com.br/arquivos/ids/430020-250-250/Choro-Malton-Fresco-kg.jpg?v=638814668535170000",
    "productUrl": "https://www.jumbo.cl/choro-malton-fresco-kg/p",
    "in_stock": true,
    "promo_text": null,
    "sku": "92253",
    "rating": 3.9,
    "description": null
  },
  {
    "id": "142938",
    "name": "Camarón Entero Cáscara Cocido 10/20 500 g",
    "brand": "Cuisine & Co",
    "category": "carnes-y-pescados",
    "price": 13990,
    "price_original": null,
    "currency": "CLP",
    "size": null,
    "unit_price": 27980,
    "image_url": "https://jumbocl.vteximg.com.br/arquivos/ids/410184-250-250/Camaron-Entero-Cascara-Cocido-10-20-500-g-Cuisine-Co.jpg?v=638790480996970000",
    "productUrl": "https://www.jumbo.cl/camar-ent-casc-coc-10-20-500g-cuisine-and-co-2000987/p",
    "in_stock": true,
    "promo_text": null,
    "sku": "142938",
    "rating": null,
    "description": null
  },
  {
    "id": "144961",
    "name": "Lomo Merluza Austral Apa 120 g",
    "brand": "Cuisine & Co",
    "category": "carnes-y-pescados",
    "price": 1590,
    "price_original": null,
    "currency": "CLP",
    "size": null,
    "unit_price": 13250,
    "image_url": "https://jumbocl.vteximg.com.br/arquivos/ids/403679-250-250/2013119-01_693604.jpg?v=638776915240570000",
    "productUrl": "https://www.jumbo.cl/lomo-merluza-austral-apa-120g-cuisine-and-co-2013119/p",
    "in_stock": true,
    "promo_text": null,
    "sku": "144961",
    "rating": null,
    "description": null
  },
  {
    "id": "11440",
    "name": "Tiritas de Pechuga Super Pollo Congelado 700 g",
    "brand": "Super Pollo",
    "category": "carnes-y-pescados",
    "price": 7590,
    "price_original": null,
    "currency": "CLP",
    "size": null,
    "unit_price": 10843,
    "image_url": "https://jumbocl.vteximg.com.br/arquivos/ids/537886-250-250/Tiritas-de-Pechuga-Super-Pollo-Congelado-700-g.jpg?v=638984611333900000",
    "productUrl": "https://www.jumbo.cl/tiritas-de-pechuga-super-pollo-congelado-700-g/p",
    "in_stock": true,
    "promo_text": null,
    "sku": "11440",
    "rating": 5,
    "description": null
  },
  {
    "id": "82597",
    "name": "Trutro Corto de Pollo Sin Marinar 1 kg",
    "brand": "Cuisine & Co",
    "category": "carnes-y-pescados",
    "price": 6890,
    "price_original": null,
    "currency": "CLP",
    "size": null,
    "unit_price": 6890,
    "image_url": "https://jumbocl.vteximg.com.br/arquivos/ids/364989-250-250/Trutro-Corto-de-Pollo-sin-Marinar-1-kg.jpg?v=638776756791600000",
    "productUrl": "https://www.jumbo.cl/trutro-corto-de-pollo-1-kg-cuisine-and-co-1801134/p",
    "in_stock": true,
    "promo_text": null,
    "sku": "82597",
    "rating": 4.8,
    "description": null
  },
  {
    "id": "134553",
    "name": "Pechuga Deshuesada Congelada 1.5 kg",
    "brand": "Super Pollo",
    "category": "carnes-y-pescados",
    "price": 14990,
    "price_original": null,
    "currency": "CLP",
    "size": null,
    "unit_price": 9993,
    "image_url": "https://jumbocl.vteximg.com.br/arquivos/ids/322626-250-250/Pechuga-Deshuesada-Congelada-15-kg.jpg?v=638776426280000000",
    "productUrl": "https://www.jumbo.cl/pechuga-desh-pollo-1-5-kg-env-cong-sp-1983116/p",
    "in_stock": true,
    "promo_text": null,
    "sku": "134553",
    "rating": 4.8,
    "description": null
  },
  {
    "id": "24231",
    "name": "Trutro Combinado Don Pollo kg",
    "brand": "Don Pollo",
    "category": "carnes-y-pescados",
    "price": 3951,
    "price_original": 4491,
    "currency": "CLP",
    "size": null,
    "unit_price": 4390,
    "image_url": "https://jumbocl.vteximg.com.br/arquivos/ids/354914-250-250/Trutro-combinado-de-pollo-kg.jpg?v=638776704342600000",
    "productUrl": "https://www.jumbo.cl/trutro-combinado-de-pollo-don-pollo-granel/p",
    "in_stock": true,
    "promo_text": null,
    "sku": "24231",
    "rating": 5,
    "description": null
  },
  {
    "id": "82582",
    "name": "Filetillo de Pollo Sin Marinar 800 g",
    "brand": "Cuisine & Co",
    "category": "carnes-y-pescados",
    "price": 9290,
    "price_original": null,
    "currency": "CLP",
    "size": null,
    "unit_price": 11613,
    "image_url": "https://jumbocl.vteximg.com.br/arquivos/ids/364982-250-250/Filetillo-de-pollo-sin-marinar-800-g.jpg?v=638776756740370000",
    "productUrl": "https://www.jumbo.cl/filetillo-de-pollo-800-g-cuisine-and-co-1801137/p",
    "in_stock": true,
    "promo_text": null,
    "sku": "82582",
    "rating": 4.8,
    "description": null
  },
  {
    "id": "11439",
    "name": "Filetillos de Pechuga de Pollo Ariztía 830 g",
    "brand": "Ariztía",
    "category": "carnes-y-pescados",
    "price": 6990,
    "price_original": 7690,
    "currency": "CLP",
    "size": null,
    "unit_price": 8422,
    "image_url": "https://jumbocl.vteximg.com.br/arquivos/ids/350891-250-250/Filetillos-de-pechuga-de-pollo-830-g.jpg?v=638776683156870000",
    "productUrl": "https://www.jumbo.cl/filetillos-de-pechuga-de-pollo-ariztia-830-g/p",
    "in_stock": true,
    "promo_text": null,
    "sku": "11439",
    "rating": 4.6,
    "description": null
  },
  {
    "id": "128342",
    "name": "Corazón Super Pollo 500 g",
    "brand": "Super Pollo",
    "category": "carnes-y-pescados",
    "price": 2290,
    "price_original": null,
    "currency": "CLP",
    "size": null,
    "unit_price": 4580,
    "image_url": "https://jumbocl.vteximg.com.br/arquivos/ids/320055-250-250/Corazon-Super-Pollo-500-g.jpg?v=638776418599600000",
    "productUrl": "https://www.jumbo.cl/corazon-500gr-super-pollo-1972048/p",
    "in_stock": true,
    "promo_text": null,
    "sku": "128342",
    "rating": 5,
    "description": null
  },
  {
    "id": "11442",
    "name": "Pechuga de Pollo Entera Ariztía kg",
    "brand": "Ariztía",
    "category": "carnes-y-pescados",
    "price": 5192,
    "price_original": null,
    "currency": "CLP",
    "size": null,
    "unit_price": 6490,
    "image_url": "https://jumbocl.vteximg.com.br/arquivos/ids/533896-250-250/Pechuga-de-Pollo-Entera-Ariztia-kg.jpg?v=638979416095370000",
    "productUrl": "https://www.jumbo.cl/pechuga-entera-de-pollo-ariztia/p",
    "in_stock": true,
    "promo_text": null,
    "sku": "11442",
    "rating": 5,
    "description": null
  },
  {
    "id": "150523",
    "name": "Filetillo de Pollo 480 g",
    "brand": "Ariztía",
    "category": "carnes-y-pescados",
    "price": 4890,
    "price_original": null,
    "currency": "CLP",
    "size": null,
    "unit_price": 10188,
    "image_url": "https://jumbocl.vteximg.com.br/arquivos/ids/451174-250-250/Filetillo-de-pollo-480-g.jpg?v=638850872518130000",
    "productUrl": "https://www.jumbo.cl/filetillo-de-pollo-480-g-1667234/p",
    "in_stock": true,
    "promo_text": null,
    "sku": "150523",
    "rating": null,
    "description": null
  },
  {
    "id": "24226",
    "name": "Pollo Entero con Menudencias Don Pollo Envasado",
    "brand": "Don Pollo",
    "category": "carnes-y-pescados",
    "price": 7580,
    "price_original": 8980,
    "currency": "CLP",
    "size": null,
    "unit_price": 3790,
    "image_url": "https://jumbocl.vteximg.com.br/arquivos/ids/354901-250-250/Pollo-Entero-con-Menudencias-Don-Pollo-granel-1-22915.jpg?v=638776704302570000",
    "productUrl": "https://www.jumbo.cl/pollo-entero-con-menudencias-don-pollo-granel/p",
    "in_stock": true,
    "promo_text": null,
    "sku": "24226",
    "rating": 4,
    "description": null
  },
  {
    "id": "148000",
    "name": "Pechuga Deshuesada Sadia 1 kg",
    "brand": "Sadia",
    "category": "carnes-y-pescados",
    "price": 6990,
    "price_original": null,
    "currency": "CLP",
    "size": null,
    "unit_price": 6990,
    "image_url": "https://jumbocl.vteximg.com.br/arquivos/ids/413795-250-250/Pechuga-Deshuesada-Sadia-1-kg.jpg?v=638798105262170000",
    "productUrl": "https://www.jumbo.cl/pollo-pechuga-desh-2034037/p",
    "in_stock": true,
    "promo_text": null,
    "sku": "148000",
    "rating": null,
    "description": null
  },
  {
    "id": "82598",
    "name": "Trutro Largo de Pollo Sin Marinar 1 kg",
    "brand": "Cuisine & Co",
    "category": "carnes-y-pescados",
    "price": 6890,
    "price_original": null,
    "currency": "CLP",
    "size": null,
    "unit_price": 6890,
    "image_url": "https://jumbocl.vteximg.com.br/arquivos/ids/364990-250-250/Trutro-Largo-de-Pollo-sin-Marinar-1-kg.jpg?v=638776756791900000",
    "productUrl": "https://www.jumbo.cl/trutro-largo-de-pollo-1-kg-cuisine-and-co-1801135/p",
    "in_stock": true,
    "promo_text": null,
    "sku": "82598",
    "rating": 4.8,
    "description": null
  },
  {
    "id": "118851",
    "name": "Corazón de Pollo Ariztía 500 g",
    "brand": "Ariztía",
    "category": "carnes-y-pescados",
    "price": 2490,
    "price_original": null,
    "currency": "CLP",
    "size": null,
    "unit_price": 4980,
    "image_url": "https://jumbocl.vteximg.com.br/arquivos/ids/384107-250-250/CORAZON-DE-POLLO-ARIZTIA-500G.jpg?v=638776838671230000",
    "productUrl": "https://www.jumbo.cl/corazon-de-pollo-ariztia-500g-1938619/p",
    "in_stock": true,
    "promo_text": null,
    "sku": "118851",
    "rating": 5,
    "description": null
  },
  {
    "id": "115673",
    "name": "Trutro Largo de Pollo Ariztía Canto del Gallo kg",
    "brand": "Ariztía",
    "category": "carnes-y-pescados",
    "price": 6190,
    "price_original": null,
    "currency": "CLP",
    "size": null,
    "unit_price": 6190,
    "image_url": "https://jumbocl.vteximg.com.br/arquivos/ids/381557-250-250/Trutro-Largo-de-Pollo-Canto-del-Gallo-kg.jpg?v=638776827490530000",
    "productUrl": "https://www.jumbo.cl/trutro-largo-ch-cp-canto-del-gallo-kg-1929252-kg/p",
    "in_stock": true,
    "promo_text": null,
    "sku": "115673",
    "rating": 5,
    "description": null
  },
  {
    "id": "10579",
    "name": "Alitas Sabor Chileno 750 g",
    "brand": "Super Pollo",
    "category": "carnes-y-pescados",
    "price": 5490,
    "price_original": null,
    "currency": "CLP",
    "size": null,
    "unit_price": 7320,
    "image_url": "https://jumbocl.vteximg.com.br/arquivos/ids/301688-250-250/Alitas-Sabor-Chileno-750-g.jpg?v=638776375213030000",
    "productUrl": "https://www.jumbo.cl/alitas-super-pollo-sabor-chileno-caja-750-g-2/p",
    "in_stock": true,
    "promo_text": null,
    "sku": "10579",
    "rating": 5,
    "description": null
  },
  {
    "id": "10578",
    "name": "Alitas Sabor Barbecue Super Pollo 750 g",
    "brand": "Super Pollo",
    "category": "carnes-y-pescados",
    "price": 5490,
    "price_original": null,
    "currency": "CLP",
    "size": null,
    "unit_price": 7320,
    "image_url": "https://jumbocl.vteximg.com.br/arquivos/ids/301655-250-250/Alitas-Sabor-Barbecue-Super-Pollo-750-g.jpg?v=638776375175730000",
    "productUrl": "https://www.jumbo.cl/alitas-super-pollo-sabor-barbecue-caja-750-g/p",
    "in_stock": true,
    "promo_text": null,
    "sku": "10578",
    "rating": 4.4,
    "description": null
  },
  {
    "id": "24242",
    "name": "Trutro Largo y Corto de Pollo Ariztía kg",
    "brand": "Ariztía",
    "category": "carnes-y-pescados",
    "price": 4490,
    "price_original": 4990,
    "currency": "CLP",
    "size": null,
    "unit_price": 4490,
    "image_url": "https://jumbocl.vteximg.com.br/arquivos/ids/533898-250-250/Trutro-Largo-y-Corto-de-Pollo-Ariztia-kg.jpg?v=638979416103630000",
    "productUrl": "https://www.jumbo.cl/trutro-combinado-de-pollo-ariztia-granel/p",
    "in_stock": true,
    "promo_text": null,
    "sku": "24242",
    "rating": null,
    "description": null
  },
  {
    "id": "147061",
    "name": "Pack 9 un. Patas de Pollo Ariztía 350 g",
    "brand": "Ariztía",
    "category": "carnes-y-pescados",
    "price": 2290,
    "price_original": null,
    "currency": "CLP",
    "size": null,
    "unit_price": 6543,
    "image_url": "https://jumbocl.vteximg.com.br/arquivos/ids/404428-250-250/Pack-9-un-Patas-de-Pollo-Ariztia-350-g.jpg?v=638776918933470000",
    "productUrl": "https://www.jumbo.cl/patas-de-pollo-ariztia-350g-x9-2026254/p",
    "in_stock": true,
    "promo_text": null,
    "sku": "147061",
    "rating": null,
    "description": null
  },
  {
    "id": "126911",
    "name": "Midwings de Pollo Ariztía 750 g",
    "brand": "Ariztía",
    "category": "carnes-y-pescados",
    "price": 4590,
    "price_original": 5090,
    "currency": "CLP",
    "size": null,
    "unit_price": 6120,
    "image_url": "https://jumbocl.vteximg.com.br/arquivos/ids/392625-250-250/Midwings-de-Pollo-Ariztia-750-g.jpg?v=638776871680830000",
    "productUrl": "https://www.jumbo.cl/midwings-de-pollo-ariztia-750g-1959663/p",
    "in_stock": true,
    "promo_text": null,
    "sku": "126911",
    "rating": 5,
    "description": null
  },
  {
    "id": "24261",
    "name": "Trutro Largo de Pollo Ariztía Envasado",
    "brand": "Ariztía",
    "category": "carnes-y-pescados",
    "price": 4490,
    "price_original": 4990,
    "currency": "CLP",
    "size": null,
    "unit_price": 4490,
    "image_url": "https://jumbocl.vteximg.com.br/arquivos/ids/523565-250-250/Trutro-Largo-de-Pollo-Ariztia-Envasado-kg.jpg?v=638959916247330000",
    "productUrl": "https://www.jumbo.cl/trutro-largo-de-pollo-ariztia-granel-2/p",
    "in_stock": true,
    "promo_text": null,
    "sku": "24261",
    "rating": 5,
    "description": null
  },
  {
    "id": "11478",
    "name": "Palanca Al Vacío kg",
    "brand": "Carnicería Propia",
    "category": "carnes-y-pescados",
    "price": 17988,
    "price_original": null,
    "currency": "CLP",
    "size": null,
    "unit_price": 14990,
    "image_url": "https://jumbocl.vteximg.com.br/arquivos/ids/302242-250-250/Palanca-Al-Vacio-kg.jpg?v=638776375922430000",
    "productUrl": "https://www.jumbo.cl/palanca-cat-v/p",
    "in_stock": true,
    "promo_text": null,
    "sku": "11478",
    "rating": 1,
    "description": null
  },
  {
    "id": "148002",
    "name": "Trutro Corto de Pollo Sadia 1 kg",
    "brand": "Sadia",
    "category": "carnes-y-pescados",
    "price": 4990,
    "price_original": null,
    "currency": "CLP",
    "size": null,
    "unit_price": 4990,
    "image_url": "https://jumbocl.vteximg.com.br/arquivos/ids/413790-250-250/Trutro-Corto-de-Pollo-Sadia-1-kg.jpg?v=638798105588630000",
    "productUrl": "https://www.jumbo.cl/pollo-trutro-corto-2034039/p",
    "in_stock": true,
    "promo_text": null,
    "sku": "148002",
    "rating": null,
    "description": null
  },
  {
    "id": "126907",
    "name": "Midwings de Pollo Ariztía Sureñas 750 g",
    "brand": "Ariztía",
    "category": "carnes-y-pescados",
    "price": 4590,
    "price_original": 5090,
    "currency": "CLP",
    "size": null,
    "unit_price": 6120,
    "image_url": "https://jumbocl.vteximg.com.br/arquivos/ids/392624-250-250/MIDWINGS-AZ-SUR.jpg?v=638776871667430000",
    "productUrl": "https://www.jumbo.cl/midwings-pollo-ariztia-surena-750g-1959664/p",
    "in_stock": true,
    "promo_text": null,
    "sku": "126907",
    "rating": 5,
    "description": null
  },
  {
    "id": "24272",
    "name": "Tutitos de Ala Ariztía Barbecue 750 g",
    "brand": "Ariztía",
    "category": "carnes-y-pescados",
    "price": 5590,
    "price_original": null,
    "currency": "CLP",
    "size": null,
    "unit_price": 7453,
    "image_url": "https://jumbocl.vteximg.com.br/arquivos/ids/523970-250-250/Tutitos-de-Ala-Ariztia-Barbecue-750-g.jpg?v=638959917473830000",
    "productUrl": "https://www.jumbo.cl/ala-trutro-barbecue-ariztia-750-g/p",
    "in_stock": true,
    "promo_text": null,
    "sku": "24272",
    "rating": 5,
    "description": null
  },
  {
    "id": "11441",
    "name": "Pollo Entero Ariztía kg",
    "brand": "Ariztía",
    "category": "carnes-y-pescados",
    "price": 8980,
    "price_original": null,
    "currency": "CLP",
    "size": null,
    "unit_price": 4490,
    "image_url": "https://jumbocl.vteximg.com.br/arquivos/ids/350890-250-250/Pollo-entero-kg.jpg?v=638776683156270000",
    "productUrl": "https://www.jumbo.cl/pollo-entero-ariztia/p",
    "in_stock": true,
    "promo_text": null,
    "sku": "11441",
    "rating": 4.3,
    "description": null
  },
  {
    "id": "148001",
    "name": "Trutro Largo de Pollo Sadia 1 kg",
    "brand": "Sadia",
    "category": "carnes-y-pescados",
    "price": 4990,
    "price_original": null,
    "currency": "CLP",
    "size": null,
    "unit_price": 4990,
    "image_url": "https://jumbocl.vteximg.com.br/arquivos/ids/413799-250-250/Trutro-Largo-de-Pollo-Sadia-1-kg.jpg?v=638798105417130000",
    "productUrl": "https://www.jumbo.cl/pollo-trutro-largo-2034038/p",
    "in_stock": true,
    "promo_text": null,
    "sku": "148001",
    "rating": 5,
    "description": null
  },
  {
    "id": "119385",
    "name": "Filetitos de Pollo Grillado Cubo 400 g",
    "brand": "Sadia",
    "category": "carnes-y-pescados",
    "price": 3990,
    "price_original": null,
    "currency": "CLP",
    "size": null,
    "unit_price": 9975,
    "image_url": "https://jumbocl.vteximg.com.br/arquivos/ids/426471-250-250/Filetitos-de-pollo-grillado-cubo-400-g.jpg?v=638810989389500000",
    "productUrl": "https://www.jumbo.cl/filetitos-pollo-grillado-cubo-sadia-400g-1938762/p",
    "in_stock": true,
    "promo_text": null,
    "sku": "119385",
    "rating": 5,
    "description": null
  },
  {
    "id": "158393",
    "name": "Cubitos de Pechuga de Pollo Ariztía 300 g",
    "brand": "Ariztía",
    "category": "carnes-y-pescados",
    "price": 3690,
    "price_original": null,
    "currency": "CLP",
    "size": null,
    "unit_price": 12300,
    "image_url": "https://jumbocl.vteximg.com.br/arquivos/ids/523060-250-250/Cubitos-de-Pechuga-de-Pollo-Ariztia-300-g.jpg?v=638959818688700000",
    "productUrl": "https://www.jumbo.cl/cubitos-de-pech-pollo-cong-ariztia-300-g-2052685/p",
    "in_stock": true,
    "promo_text": null,
    "sku": "158393",
    "rating": null,
    "description": null
  },
  {
    "id": "122377",
    "name": "Bistec de Pechuga de Pavo Ariztía Light 450 g",
    "brand": "Ariztía",
    "category": "carnes-y-pescados",
    "price": 6590,
    "price_original": null,
    "currency": "CLP",
    "size": null,
    "unit_price": 14644,
    "image_url": "https://jumbocl.vteximg.com.br/arquivos/ids/388028-250-250/BISTEC-PECHU-DE-PAVO-LIGHT-ARIZTIA-450G.jpg?v=638776854159100000",
    "productUrl": "https://www.jumbo.cl/bistec-pechu-de-pavo-light-ariztia-450g-1955042/p",
    "in_stock": true,
    "promo_text": null,
    "sku": "122377",
    "rating": 4.6,
    "description": null
  },
  {
    "id": "146267",
    "name": "Trutro Deshuesado de Pavo Ariztía 650 g",
    "brand": "Ariztía",
    "category": "carnes-y-pescados",
    "price": 5390,
    "price_original": null,
    "currency": "CLP",
    "size": null,
    "unit_price": 8292,
    "image_url": "https://jumbocl.vteximg.com.br/arquivos/ids/488759-250-250/Trutro-Deshuesado-de-Pavo-Ariztia-650-g.jpg?v=638896202431600000",
    "productUrl": "https://www.jumbo.cl/bistec-trutro-de-pavo-ariztia-450g-2022061/p",
    "in_stock": true,
    "promo_text": null,
    "sku": "146267",
    "rating": 5,
    "description": null
  },
  {
    "id": "94119",
    "name": "Carne Molida Ariztía Pechuga Pavo 400 g",
    "brand": "Ariztía",
    "category": "carnes-y-pescados",
    "price": 4790,
    "price_original": null,
    "currency": "CLP",
    "size": null,
    "unit_price": 11975,
    "image_url": "https://jumbocl.vteximg.com.br/arquivos/ids/368492-250-250/Carne-molida-pechuga-pavo-400-g.jpg?v=638776772932470000",
    "productUrl": "https://www.jumbo.cl/carne-molida-pechuga-pavo-400-g/p",
    "in_stock": true,
    "promo_text": null,
    "sku": "94119",
    "rating": 5,
    "description": null
  },
  {
    "id": "11508",
    "name": "Bistec de Pechuga de Pavo Ariztía 450 g",
    "brand": "Ariztía",
    "category": "carnes-y-pescados",
    "price": 5990,
    "price_original": null,
    "currency": "CLP",
    "size": null,
    "unit_price": 13311,
    "image_url": "https://jumbocl.vteximg.com.br/arquivos/ids/350917-250-250/Bistec-de-filete-de-pavo-450-g.jpg?v=638776683251100000",
    "productUrl": "https://www.jumbo.cl/bistec-de-filete-de-pavo-ariztia-450-g-2-2/p",
    "in_stock": true,
    "promo_text": null,
    "sku": "11508",
    "rating": 5,
    "description": null
  },
  {
    "id": "98796",
    "name": "Pechuga de Pavo Deshuesada Ariztía Malla kg",
    "brand": "Ariztía",
    "category": "carnes-y-pescados",
    "price": 11490,
    "price_original": null,
    "currency": "CLP",
    "size": null,
    "unit_price": 11490,
    "image_url": "https://jumbocl.vteximg.com.br/arquivos/ids/371639-250-250/Pechuga-deshuesada-de-pavo-malla-kg.jpg?v=638776787544470000",
    "productUrl": "https://www.jumbo.cl/pechuga-desh-de-pavo-malla-ariztia-kg/p",
    "in_stock": true,
    "promo_text": null,
    "sku": "98796",
    "rating": 5,
    "description": null
  },
  {
    "id": "82583",
    "name": "Filete Pechuga de Pavo 800 g",
    "brand": "Cuisine & Co",
    "category": "carnes-y-pescados",
    "price": 10990,
    "price_original": null,
    "currency": "CLP",
    "size": null,
    "unit_price": 13738,
    "image_url": "https://jumbocl.vteximg.com.br/arquivos/ids/364980-250-250/Filete-pechuga-de-pavo-800-g.jpg?v=638776756739270000",
    "productUrl": "https://www.jumbo.cl/filete-pechuga-de-pavo-800-g-cuisine-and-co-1800307/p",
    "in_stock": true,
    "promo_text": null,
    "sku": "82583",
    "rating": 4.7,
    "description": null
  },
  {
    "id": "103834",
    "name": "Rollitos de Salmón Apanados 400 g",
    "brand": "La Crianza",
    "category": "carnes-y-pescados",
    "price": 4890,
    "price_original": null,
    "currency": "CLP",
    "size": null,
    "unit_price": 12225,
    "image_url": "https://jumbocl.vteximg.com.br/arquivos/ids/314384-250-250/Rollitos-de-Salmon-Atlantico-Aqua-400-g.jpg?v=638776401840130000",
    "productUrl": "https://www.jumbo.cl/rollito-salmon-aqua-400-gr/p",
    "in_stock": true,
    "promo_text": null,
    "sku": "103834",
    "rating": 4.9,
    "description": null
  },
  {
    "id": "132068",
    "name": "Merluza Varita Apanadas 500 g",
    "brand": "El Golfo",
    "category": "carnes-y-pescados",
    "price": 5990,
    "price_original": null,
    "currency": "CLP",
    "size": null,
    "unit_price": 11980,
    "image_url": "https://jumbocl.vteximg.com.br/arquivos/ids/321409-250-250/Merluza-Varita-Apanadas-500-g.jpg?v=638776423201970000",
    "productUrl": "https://www.jumbo.cl/merluza-varita-el-golfo-500-gr-1979066/p",
    "in_stock": true,
    "promo_text": null,
    "sku": "132068",
    "rating": 5,
    "description": null
  },
  {
    "id": "10500",
    "name": "Reineta Filete Congelada 500 g",
    "brand": "El Golfo",
    "category": "carnes-y-pescados",
    "price": 8550,
    "price_original": null,
    "currency": "CLP",
    "size": null,
    "unit_price": 17100,
    "image_url": "https://jumbocl.vteximg.com.br/arquivos/ids/301840-250-250/Reineta-Filete-Congelada-500-g.jpg?v=638776375443470000",
    "productUrl": "https://www.jumbo.cl/filetes-de-reineta-el-golfo-bolsa-500-g-sin-piel-2/p",
    "in_stock": true,
    "promo_text": null,
    "sku": "10500",
    "rating": 3.1,
    "description": null
  },
  {
    "id": "73919",
    "name": "Nuggets de Merluza El Golfo Apanadas 400 g",
    "brand": "El Golfo",
    "category": "carnes-y-pescados",
    "price": 3250,
    "price_original": null,
    "currency": "CLP",
    "size": null,
    "unit_price": 8125,
    "image_url": "https://jumbocl.vteximg.com.br/arquivos/ids/310209-250-250/Nuggets-de-Merluza-Apanadas-400-g.jpg?v=638776391105030000",
    "productUrl": "https://www.jumbo.cl/nuggets-de-merluza-500-gr-el-golfo/p",
    "in_stock": true,
    "promo_text": null,
    "sku": "73919",
    "rating": 4.8,
    "description": null
  },
  {
    "id": "146264",
    "name": "Bistec de Pechuga de Pavo Ariztía Tomate Albahaca 450 g",
    "brand": "Ariztía",
    "category": "carnes-y-pescados",
    "price": 6290,
    "price_original": null,
    "currency": "CLP",
    "size": null,
    "unit_price": 13978,
    "image_url": "https://jumbocl.vteximg.com.br/arquivos/ids/344461-250-250/Bistec-de-Pechuga-de-Pavo-Ariztia-Tomate-Albahaca-450-g.jpg?v=638776443948800000",
    "productUrl": "https://www.jumbo.cl/bistec-pech-pavo-tom-albah-ariztia-450g-2020914/p",
    "in_stock": true,
    "promo_text": null,
    "sku": "146264",
    "rating": 5,
    "description": null
  },
  {
    "id": "146266",
    "name": "Bistec de Pechuga de Pavo Ariztía Ahumado 450 g",
    "brand": "Ariztía",
    "category": "carnes-y-pescados",
    "price": 6290,
    "price_original": null,
    "currency": "CLP",
    "size": null,
    "unit_price": 13978,
    "image_url": "https://jumbocl.vteximg.com.br/arquivos/ids/344520-250-250/Bistec-de-Pechuga-de-Pavo-Ariztia-Ahumado-450-g.jpg?v=638776444000930000",
    "productUrl": "https://www.jumbo.cl/bistec-pech-pavo-ahumado-ariztia-450g-2020915/p",
    "in_stock": true,
    "promo_text": null,
    "sku": "146266",
    "rating": 5,
    "description": null
  },
  {
    "id": "11516",
    "name": "Pechuga de Pavo Deshuesada Ariztía",
    "brand": "Ariztía",
    "category": "carnes-y-pescados",
    "price": 21042,
    "price_original": null,
    "currency": "CLP",
    "size": null,
    "unit_price": 11690,
    "image_url": "https://jumbocl.vteximg.com.br/arquivos/ids/350918-250-250/Pechuga-Deshuesada-de-Pavo-Ariztia.jpg?v=638776683251600000",
    "productUrl": "https://www.jumbo.cl/pechuga-deshuesada-de-pavo-ariztia/p",
    "in_stock": true,
    "promo_text": null,
    "sku": "11516",
    "rating": null,
    "description": null
  },
  {
    "id": "103833",
    "name": "Nuggets de Salmón La Crianza Apanados 400 g",
    "brand": "La Crianza",
    "category": "carnes-y-pescados",
    "price": 4790,
    "price_original": null,
    "currency": "CLP",
    "size": null,
    "unit_price": 11975,
    "image_url": "https://jumbocl.vteximg.com.br/arquivos/ids/314366-250-250/Nuggets-de-Salmon-Atlantico-Aqua-400-g.jpg?v=638776401801530000",
    "productUrl": "https://www.jumbo.cl/nuggets-salmon-aqua-400-gr/p",
    "in_stock": true,
    "promo_text": null,
    "sku": "103833",
    "rating": 4.9,
    "description": null
  },
  {
    "id": "24145",
    "name": "Surtido de Mariscos 500 g",
    "brand": "Mar Verde",
    "category": "carnes-y-pescados",
    "price": 3090,
    "price_original": null,
    "currency": "CLP",
    "size": null,
    "unit_price": null,
    "image_url": "https://jumbocl.vteximg.com.br/arquivos/ids/354881-250-250/Principal-22834.jpg?v=638776704196400000",
    "productUrl": "https://www.jumbo.cl/surtido-de-mariscos-mar-verde-500-g/p",
    "in_stock": true,
    "promo_text": null,
    "sku": "24145",
    "rating": 3,
    "description": null
  },
  {
    "id": "56893",
    "name": "Salmón Ahumado En Caliente 200 g",
    "brand": "South Wind",
    "category": "carnes-y-pescados",
    "price": 9590,
    "price_original": null,
    "currency": "CLP",
    "size": null,
    "unit_price": 47950,
    "image_url": "https://jumbocl.vteximg.com.br/arquivos/ids/309113-250-250/Salmon-Ahumado-South-Wind-En-Caliente-200-g.jpg?v=638776388239370000",
    "productUrl": "https://www.jumbo.cl/salmon-ahumado-en-caliente-s-wind-200g/p",
    "in_stock": true,
    "promo_text": null,
    "sku": "56893",
    "rating": 4.9,
    "description": null
  },
  {
    "id": "131584",
    "name": "Pechuga Deshuesada Pavo USA Butterball kg",
    "brand": "3372",
    "category": "carnes-y-pescados",
    "price": 16366,
    "price_original": null,
    "currency": "CLP",
    "size": null,
    "unit_price": 11690,
    "image_url": "https://jumbocl.vteximg.com.br/arquivos/ids/321049-250-250/Pechuga-Deshuesada-Pavo-USA-Butterball-kg.jpg?v=638776422343700000",
    "productUrl": "https://www.jumbo.cl/pechuga-desh-pavo-usa-butterball-env-kg-1977549-kg/p",
    "in_stock": true,
    "promo_text": null,
    "sku": "131584",
    "rating": 5,
    "description": null
  },
  {
    "id": "140449",
    "name": "Salmón Ahumado Natural 170 g",
    "brand": "Aqua Austral",
    "category": "carnes-y-pescados",
    "price": 7990,
    "price_original": null,
    "currency": "CLP",
    "size": null,
    "unit_price": 47000,
    "image_url": "https://jumbocl.vteximg.com.br/arquivos/ids/410219-250-250/Salmon-Ahumado-Natural-170-g.jpg?v=638790481059600000",
    "productUrl": "https://www.jumbo.cl/salmon-ahu-natural-ahumados-austral-170g-2001084/p",
    "in_stock": true,
    "promo_text": null,
    "sku": "140449",
    "rating": null,
    "description": null
  },
  {
    "id": "17858",
    "name": "Posta Negra Premium Natural Al Vacío kg",
    "brand": "Natural",
    "category": "carnes-y-pescados",
    "price": 16887,
    "price_original": null,
    "currency": "CLP",
    "size": null,
    "unit_price": 12990,
    "image_url": "https://jumbocl.vteximg.com.br/arquivos/ids/204833-250-250/Posta-Negra-Premium-Natural-Al-Vacio-kg.jpg?v=638682384286900000",
    "productUrl": "https://www.jumbo.cl/posta-negra-carne-natural-osorno-granel/p",
    "in_stock": true,
    "promo_text": null,
    "sku": "17858",
    "rating": 3.5,
    "description": null
  },
  {
    "id": "92263",
    "name": "Piure Fresco 400 g",
    "brand": "Pescadería Jumbo",
    "category": "carnes-y-pescados",
    "price": 4490,
    "price_original": null,
    "currency": "CLP",
    "size": null,
    "unit_price": 11225,
    "image_url": "https://jumbocl.vteximg.com.br/arquivos/ids/429978-250-250/Piure-Fresco-400-g.jpg?v=638814668332000000",
    "productUrl": "https://www.jumbo.cl/piure-pote-400-g/p",
    "in_stock": true,
    "promo_text": null,
    "sku": "92263",
    "rating": 4.6,
    "description": null
  },
  {
    "id": "48143",
    "name": "Merluza Austral con Piel 500 g",
    "brand": "Cuisine & Co",
    "category": "carnes-y-pescados",
    "price": 7990,
    "price_original": null,
    "currency": "CLP",
    "size": null,
    "unit_price": 15980,
    "image_url": "https://jumbocl.vteximg.com.br/arquivos/ids/458836-250-250/Merluza-Austral-Con-Piel-500-g.jpg?v=638862940495900000",
    "productUrl": "https://www.jumbo.cl/merluza-austral-con-piel-500-g-cuisine-and-co-1707709/p",
    "in_stock": true,
    "promo_text": null,
    "sku": "48143",
    "rating": null,
    "description": null
  },
  {
    "id": "106003",
    "name": "Salmón Atlántico Bites & Pieces 350 g",
    "brand": "Aqua Austral",
    "category": "carnes-y-pescados",
    "price": 6990,
    "price_original": null,
    "currency": "CLP",
    "size": null,
    "unit_price": 19971,
    "image_url": "https://jumbocl.vteximg.com.br/arquivos/ids/375318-250-250/Salmon-Atlantico-Bits---Pieces-350-g.jpg?v=638776803073430000",
    "productUrl": "https://www.jumbo.cl/salmon-atlantico-bits-and-pieces-aqua-350-gr-1894855/p",
    "in_stock": true,
    "promo_text": null,
    "sku": "106003",
    "rating": 4.9,
    "description": null
  },
  {
    "id": "90971",
    "name": "Tapa de Lomo Vetado Al Vacío kg",
    "brand": "Carnicería Propia",
    "category": "carnes-y-pescados",
    "price": 17394,
    "price_original": null,
    "currency": "CLP",
    "size": null,
    "unit_price": 28990,
    "image_url": "https://jumbocl.vteximg.com.br/arquivos/ids/367462-250-250/Tapa-de-lomo-vetado-meson-600-g.jpg?v=638776768076970000",
    "productUrl": "https://www.jumbo.cl/tapa-de-lomo-vetado-premium-meson-600-g/p",
    "in_stock": true,
    "promo_text": null,
    "sku": "90971",
    "rating": 3,
    "description": null
  },
  {
    "id": "129891",
    "name": "Pececitos Apanados 400 g",
    "brand": "El Golfo",
    "category": "carnes-y-pescados",
    "price": 3090,
    "price_original": null,
    "currency": "CLP",
    "size": null,
    "unit_price": 7725,
    "image_url": "https://jumbocl.vteximg.com.br/arquivos/ids/320463-250-250/Pececitos-Apanados-400-g.jpg?v=638776420447230000",
    "productUrl": "https://www.jumbo.cl/pececitos-apan-e-golfo-400gr-1972586/p",
    "in_stock": true,
    "promo_text": null,
    "sku": "129891",
    "rating": 5,
    "description": null
  },
  {
    "id": "74372",
    "name": "Merluza Tempura 500 g",
    "brand": "El Golfo",
    "category": "carnes-y-pescados",
    "price": 6350,
    "price_original": null,
    "currency": "CLP",
    "size": null,
    "unit_price": 12700,
    "image_url": "https://jumbocl.vteximg.com.br/arquivos/ids/310323-250-250/Merluza-Tempura-500-g.jpg?v=638776391339700000",
    "productUrl": "https://www.jumbo.cl/merluza-tempura-500-gr-el-golfo/p",
    "in_stock": true,
    "promo_text": null,
    "sku": "74372",
    "rating": 4.7,
    "description": null
  },
  {
    "id": "10465",
    "name": "Camarón Cocido Sin Cáscara m 500 g",
    "brand": "Mar Verde",
    "category": "carnes-y-pescados",
    "price": 10790,
    "price_original": null,
    "currency": "CLP",
    "size": null,
    "unit_price": 21580,
    "image_url": "https://jumbocl.vteximg.com.br/arquivos/ids/350551-250-250/Principal-77.jpg?v=638776681536630000",
    "productUrl": "https://www.jumbo.cl/camarones-ecuatorianos-mar-verde-sa-500-g-cocido-c-2/p",
    "in_stock": true,
    "promo_text": null,
    "sku": "10465",
    "rating": 4.8,
    "description": null
  },
  {
    "id": "146360",
    "name": "Lomo de Salmón Empanizado La Crianza 100 g",
    "brand": "La Crianza",
    "category": "carnes-y-pescados",
    "price": 2090,
    "price_original": null,
    "currency": "CLP",
    "size": null,
    "unit_price": 20900,
    "image_url": "https://jumbocl.vteximg.com.br/arquivos/ids/404273-250-250/Lomo-de-Salmon-Empanizado-La-Crianza-100-g.jpg?v=638776917963570000",
    "productUrl": "https://www.jumbo.cl/lomo-de-salmon-empan-la-crianza-100gr-2022101/p",
    "in_stock": true,
    "promo_text": null,
    "sku": "146360",
    "rating": null,
    "description": null
  },
  {
    "id": "73918",
    "name": "Croquetas de Merluza Congelado 100 g",
    "brand": "El Golfo",
    "category": "carnes-y-pescados",
    "price": 1350,
    "price_original": null,
    "currency": "CLP",
    "size": null,
    "unit_price": 13500,
    "image_url": "https://jumbocl.vteximg.com.br/arquivos/ids/310186-250-250/Croquetas-de-Merluza-Congelado-100-g.jpg?v=638776391063400000",
    "productUrl": "https://www.jumbo.cl/croquetas-de-merluza-100-gr-el-golfo/p",
    "in_stock": true,
    "promo_text": null,
    "sku": "73918",
    "rating": 4.8,
    "description": null
  },
  {
    "id": "128518",
    "name": "Varitas de Reineta Congelada 400 g",
    "brand": "Friosur",
    "category": "carnes-y-pescados",
    "price": 3190,
    "price_original": null,
    "currency": "CLP",
    "size": null,
    "unit_price": 7975,
    "image_url": "https://jumbocl.vteximg.com.br/arquivos/ids/394330-250-250/Varitas-Reinetas-Friosur-400-g.jpg?v=638776878384830000",
    "productUrl": "https://www.jumbo.cl/varitas-reineta-friosur-400-gr-1973836/p",
    "in_stock": true,
    "promo_text": null,
    "sku": "128518",
    "rating": 5,
    "description": null
  },
  {
    "id": "88314",
    "name": "Lomo Vetado Premium Camposorno Al Vacío kg",
    "brand": "Camposorno",
    "category": "carnes-y-pescados",
    "price": 29689,
    "price_original": null,
    "currency": "CLP",
    "size": null,
    "unit_price": 26990,
    "image_url": "https://jumbocl.vteximg.com.br/arquivos/ids/311962-250-250/Lomo-Vetado-Premium-Camposorno-Al-Vacio-kg.jpg?v=638776395122770000",
    "productUrl": "https://www.jumbo.cl/lomo-vetado-premium-kg/p",
    "in_stock": true,
    "promo_text": null,
    "sku": "88314",
    "rating": 1,
    "description": null
  },
  {
    "id": "128520",
    "name": "Croquetas de Reineta Apanadas 100 g",
    "brand": "Friosur",
    "category": "carnes-y-pescados",
    "price": 990,
    "price_original": null,
    "currency": "CLP",
    "size": null,
    "unit_price": 9900,
    "image_url": "https://jumbocl.vteximg.com.br/arquivos/ids/394329-250-250/Croquetas-Reineta-Friosur-100-g.jpg?v=638776878384670000",
    "productUrl": "https://www.jumbo.cl/croquetas-reineta-friosur-100-gr-1973837/p",
    "in_stock": true,
    "promo_text": null,
    "sku": "128520",
    "rating": 5,
    "description": null
  },
  {
    "id": "102905",
    "name": "Punta Picana Americana Brawley Al Vacío kg",
    "brand": "Brawley",
    "category": "carnes-y-pescados",
    "price": 26586,
    "price_original": null,
    "currency": "CLP",
    "size": null,
    "unit_price": 18990,
    "image_url": "https://jumbocl.vteximg.com.br/arquivos/ids/313999-250-250/Punta-Picana-Americana-Brawley-Al-Vacio-kg.jpg?v=638985598223500000",
    "productUrl": "https://www.jumbo.cl/punta-de-picana-eeuu-cat-v-kg-brawley/p",
    "in_stock": true,
    "promo_text": null,
    "sku": "102905",
    "rating": 3.3,
    "description": null
  },
  {
    "id": "93446",
    "name": "Punta de Ganso Americana Brawley Al Vacío kg",
    "brand": "Brawley",
    "category": "carnes-y-pescados",
    "price": 32186,
    "price_original": null,
    "currency": "CLP",
    "size": null,
    "unit_price": 22990,
    "image_url": "https://jumbocl.vteximg.com.br/arquivos/ids/312464-250-250/Punta-de-Ganso-Americana-Brawley-Al-Vacio-kg.jpg?v=638985598878800000",
    "productUrl": "https://www.jumbo.cl/punta-de-ganso-eeuu-al-vacio-kg-2/p",
    "in_stock": true,
    "promo_text": null,
    "sku": "93446",
    "rating": 5,
    "description": null
  },
  {
    "id": "105665",
    "name": "Posta Negra Premium Cerro Azul Al Vacío kg",
    "brand": "Cerro Azul",
    "category": "carnes-y-pescados",
    "price": 16887,
    "price_original": null,
    "currency": "CLP",
    "size": null,
    "unit_price": 12990,
    "image_url": "https://jumbocl.vteximg.com.br/arquivos/ids/314684-250-250/Posta-Negra-Premium-Cerro-Azul-Al-Vacio-kg.jpg?v=638776402508830000",
    "productUrl": "https://www.jumbo.cl/posta-negra-cerroazul-nac-v-prem-kg-1895116-kg/p",
    "in_stock": true,
    "promo_text": null,
    "sku": "105665",
    "rating": 5,
    "description": null
  },
  {
    "id": "88917",
    "name": "Carpaccio de Atún Finas Laminas 100 g",
    "brand": "Cuisine & Co",
    "category": "carnes-y-pescados",
    "price": 4690,
    "price_original": null,
    "currency": "CLP",
    "size": null,
    "unit_price": 46900,
    "image_url": "https://jumbocl.vteximg.com.br/arquivos/ids/366873-250-250/Carpaccio-de-at-n-finas-l-minas-100-g-1-189442107.jpg?v=638776765252430000",
    "productUrl": "https://www.jumbo.cl/carpaccio-de-atun-finas-laminas-100-g-cuisine-and-co-1844215/p",
    "in_stock": true,
    "promo_text": null,
    "sku": "88917",
    "rating": 4.8,
    "description": null
  },
  {
    "id": "128564",
    "name": "Nuggets de Reineta Friosur Apanados 400 g",
    "brand": "Friosur",
    "category": "carnes-y-pescados",
    "price": 3090,
    "price_original": null,
    "currency": "CLP",
    "size": null,
    "unit_price": 7725,
    "image_url": "https://jumbocl.vteximg.com.br/arquivos/ids/394359-250-250/Nugets-Reineta-Friosur-400-g.jpg?v=638776878529900000",
    "productUrl": "https://www.jumbo.cl/nuggets-reineta-friosur-400-gr-1973835/p",
    "in_stock": true,
    "promo_text": null,
    "sku": "128564",
    "rating": 5,
    "description": null
  },
  {
    "id": "93430",
    "name": "Camarón Crudos con Cáscara XL kg",
    "brand": "Champmar",
    "category": "carnes-y-pescados",
    "price": 9990,
    "price_original": null,
    "currency": "CLP",
    "size": null,
    "unit_price": 19980,
    "image_url": "https://jumbocl.vteximg.com.br/arquivos/ids/368158-250-250/1837579-KG-01_92315.jpg?v=638776771310270000",
    "productUrl": "https://www.jumbo.cl/camaron-crudo-cascara-21-25-champmar-5-kg/p",
    "in_stock": true,
    "promo_text": null,
    "sku": "93430",
    "rating": 5,
    "description": null
  },
  {
    "id": "80328",
    "name": "Chuleta Kassler Llanquihue 2 un.",
    "brand": "Llanquihue",
    "category": "carnes-y-pescados",
    "price": 6150,
    "price_original": null,
    "currency": "CLP",
    "size": null,
    "unit_price": null,
    "image_url": "https://jumbocl.vteximg.com.br/arquivos/ids/364399-250-250/Chuleta-kassler-2-unid-1-111689124.jpg?v=638776753866530000",
    "productUrl": "https://www.jumbo.cl/chuleta-kassler-llanquihue-2-unidades/p",
    "in_stock": true,
    "promo_text": null,
    "sku": "80328",
    "rating": null,
    "description": null
  },
  {
    "id": "137994",
    "name": "Locos Cocidos en Conserva Alimex 1 kg",
    "brand": "Alimex",
    "category": "carnes-y-pescados",
    "price": 37990,
    "price_original": null,
    "currency": "CLP",
    "size": null,
    "unit_price": 37990,
    "image_url": "https://jumbocl.vteximg.com.br/arquivos/ids/328642-250-250/LOCO-CONSERVA-STELLA-MARIS-1-KG.jpg?v=638776431142870000",
    "productUrl": "https://www.jumbo.cl/loco-conserva-stella-maris-1-kg-1952535/p",
    "in_stock": true,
    "promo_text": null,
    "sku": "137994",
    "rating": 4.8,
    "description": null
  },
  {
    "id": "123376",
    "name": "Punta de Ganso Prime Americana Brandt Al Vacío kg",
    "brand": "Brandt",
    "category": "carnes-y-pescados",
    "price": 29689,
    "price_original": null,
    "currency": "CLP",
    "size": null,
    "unit_price": 26990,
    "image_url": "https://jumbocl.vteximg.com.br/arquivos/ids/318404-250-250/Punta-de-Ganso-Prime-Americana-Brandt-Al-Vacio-kg.jpg?v=638776414314970000",
    "productUrl": "https://www.jumbo.cl/punta-de-ganso-prime-eeuu-brandt-v-kg-1953745-kg/p",
    "in_stock": true,
    "promo_text": null,
    "sku": "123376",
    "rating": null,
    "description": null
  },
  {
    "id": "80209",
    "name": "Filete Premium A Punto Al Vacío kg",
    "brand": "A Punto",
    "category": "carnes-y-pescados",
    "price": 71976,
    "price_original": null,
    "currency": "CLP",
    "size": null,
    "unit_price": 29990,
    "image_url": "https://jumbocl.vteximg.com.br/arquivos/ids/311031-250-250/Filete-Premium-A-Punto-Al-Vacio-kg.jpg?v=638776392793300000",
    "productUrl": "https://www.jumbo.cl/filete-v-apunto-premium-kg/p",
    "in_stock": true,
    "promo_text": null,
    "sku": "80209",
    "rating": null,
    "description": null
  },
  {
    "id": "80213",
    "name": "Arrachera Premium A Punto Al Vacío kg",
    "brand": "A Punto",
    "category": "carnes-y-pescados",
    "price": 23988,
    "price_original": null,
    "currency": "CLP",
    "size": null,
    "unit_price": 19990,
    "image_url": "https://jumbocl.vteximg.com.br/arquivos/ids/311104-250-250/Arrachera-Premium-A-Punto-Al-Vacio-kg.jpg?v=638776392941800000",
    "productUrl": "https://www.jumbo.cl/arrachera-cat-v/p",
    "in_stock": true,
    "promo_text": null,
    "sku": "80213",
    "rating": null,
    "description": null
  },
  {
    "id": "123212",
    "name": "Lomo Vetado Prime Americana Brandt Al Vacío kg",
    "brand": "Brandt",
    "category": "carnes-y-pescados",
    "price": 31192,
    "price_original": null,
    "currency": "CLP",
    "size": null,
    "unit_price": 38990,
    "image_url": "https://jumbocl.vteximg.com.br/arquivos/ids/318351-250-250/Lomo-Vetado-Prime-Americana-Brandt-Al-Vacio-kg.jpg?v=638776414123330000",
    "productUrl": "https://www.jumbo.cl/lomo-vetado-eeuu-brandt-v-kg-1953748-kg/p",
    "in_stock": true,
    "promo_text": null,
    "sku": "123212",
    "rating": null,
    "description": null
  },
  {
    "id": "17853",
    "name": "Posta Rosada Premium Natural Al Vacío kg",
    "brand": "Natural",
    "category": "carnes-y-pescados",
    "price": 16887,
    "price_original": null,
    "currency": "CLP",
    "size": null,
    "unit_price": 12990,
    "image_url": "https://jumbocl.vteximg.com.br/arquivos/ids/304051-250-250/Posta-Rosada-Premium-Natural-Al-Vacio-kg.jpg?v=638776378721330000",
    "productUrl": "https://www.jumbo.cl/posta-rosada-carne-natural-osorno-granel/p",
    "in_stock": true,
    "promo_text": null,
    "sku": "17853",
    "rating": null,
    "description": null
  },
  {
    "id": "91089",
    "name": "Locos Cocidos Frescos 3 un.",
    "brand": "Alimex",
    "category": "carnes-y-pescados",
    "price": 14990,
    "price_original": null,
    "currency": "CLP",
    "size": null,
    "unit_price": null,
    "image_url": "https://jumbocl.vteximg.com.br/arquivos/ids/367498-250-250/Locos-cocidos-3-un.jpg?v=638776768222870000",
    "productUrl": "https://www.jumbo.cl/locos-bja-alimex-3-unid/p",
    "in_stock": true,
    "promo_text": null,
    "sku": "91089",
    "rating": 4.8,
    "description": null
  },
  {
    "id": "127688",
    "name": "Pulpa Pierna Cerdo Chilena Cuisine & Co 700 g",
    "brand": "Cuisine & Co",
    "category": "carnes-y-pescados",
    "price": 5590,
    "price_original": null,
    "currency": "CLP",
    "size": null,
    "unit_price": 7986,
    "image_url": "https://jumbocl.vteximg.com.br/arquivos/ids/393490-250-250/PULPA-CH-C-CO700GR.jpg?v=638776874760470000",
    "productUrl": "https://www.jumbo.cl/pulpa-ch-c-y-co700gr/p",
    "in_stock": true,
    "promo_text": null,
    "sku": "127688",
    "rating": 4.8,
    "description": null
  },
  {
    "id": "92251",
    "name": "Cholgas Frescas kg",
    "brand": "Pescadería Jumbo",
    "category": "carnes-y-pescados",
    "price": 2990,
    "price_original": null,
    "currency": "CLP",
    "size": null,
    "unit_price": 2990,
    "image_url": "https://jumbocl.vteximg.com.br/arquivos/ids/430018-250-250/Cholgas-Frescas-kg.jpg?v=638814668514300000",
    "productUrl": "https://www.jumbo.cl/cholgas-corrientes-frescas-kg/p",
    "in_stock": true,
    "promo_text": null,
    "sku": "92251",
    "rating": 4.9,
    "description": null
  },
  {
    "id": "41999",
    "name": "Costillar de Cerdo Ahumado Corte Cruz kg",
    "brand": "Llanquihue",
    "category": "carnes-y-pescados",
    "price": 8200,
    "price_original": null,
    "currency": "CLP",
    "size": null,
    "unit_price": 20500,
    "image_url": "https://jumbocl.vteximg.com.br/arquivos/ids/357077-250-250/1662839.jpg?v=638776715678230000",
    "productUrl": "https://www.jumbo.cl/costillar-de-cerdo-llanquihue-ahumado-corte-cruz-granel/p",
    "in_stock": true,
    "promo_text": null,
    "sku": "41999",
    "rating": 5,
    "description": null
  },
  {
    "id": "95802",
    "name": "Merluza Premium Al Vacío Congelada 400 g",
    "brand": "Cuisine & Co",
    "category": "carnes-y-pescados",
    "price": 7150,
    "price_original": null,
    "currency": "CLP",
    "size": null,
    "unit_price": 17875,
    "image_url": "https://jumbocl.vteximg.com.br/arquivos/ids/369018-250-250/Merluza-austral-congelada-al-vacio-400-g.jpg?v=638776775268930000",
    "productUrl": "https://www.jumbo.cl/merluza-austral-congelada-al-vacio-400g/p",
    "in_stock": true,
    "promo_text": null,
    "sku": "95802",
    "rating": 4.9,
    "description": null
  },
  {
    "id": "123206",
    "name": "Abastero Americana Brawley Al Vacío kg",
    "brand": "Brawley",
    "category": "carnes-y-pescados",
    "price": 17990,
    "price_original": null,
    "currency": "CLP",
    "size": null,
    "unit_price": 17990,
    "image_url": "https://jumbocl.vteximg.com.br/arquivos/ids/318288-250-250/Abastero-Americana-Brawley-Al-Vacio-kg.jpg?v=638776413964230000",
    "productUrl": "https://www.jumbo.cl/abastero-eeuu-v-vacio-kg-brawley-1839050-kg/p",
    "in_stock": true,
    "promo_text": null,
    "sku": "123206",
    "rating": 5,
    "description": null
  },
  {
    "id": "103753",
    "name": "Albacora Congelada 500 g",
    "brand": "Cuisine & Co",
    "category": "carnes-y-pescados",
    "price": 10990,
    "price_original": null,
    "currency": "CLP",
    "size": null,
    "unit_price": 21980,
    "image_url": "https://jumbocl.vteximg.com.br/arquivos/ids/373971-250-250/1870163-01_590156.jpg?v=638776797886430000",
    "productUrl": "https://www.jumbo.cl/albacora-congelada-500-g-cuisine-and-co-1870163/p",
    "in_stock": true,
    "promo_text": null,
    "sku": "103753",
    "rating": 4.9,
    "description": null
  },
  {
    "id": "75226",
    "name": "Costillar Cerdo Americano Congelado kg",
    "brand": "Americano",
    "category": "carnes-y-pescados",
    "price": 18725,
    "price_original": null,
    "currency": "CLP",
    "size": null,
    "unit_price": 7490,
    "image_url": "https://jumbocl.vteximg.com.br/arquivos/ids/363063-250-250/Costillar-de-cerdo-americano-Pork-Spareribs-kg.jpg?v=638776746340100000",
    "productUrl": "https://www.jumbo.cl/costillar-cerdo-americano-congelado-kg/p",
    "in_stock": true,
    "promo_text": null,
    "sku": "75226",
    "rating": 4,
    "description": null
  },
  {
    "id": "106281",
    "name": "Cordero Trozado Congelado Minerva 1 kg",
    "brand": "Marfrig",
    "category": "carnes-y-pescados",
    "price": 10990,
    "price_original": null,
    "currency": "CLP",
    "size": null,
    "unit_price": 10990,
    "image_url": "https://jumbocl.vteximg.com.br/arquivos/ids/375498-250-250/Cordero-trozado-congelado-kg.jpg?v=638776803909630000",
    "productUrl": "https://www.jumbo.cl/cordero-trozado-cong-marfrig-kg-1891506/p",
    "in_stock": true,
    "promo_text": null,
    "sku": "106281",
    "rating": 4.8,
    "description": null
  },
  {
    "id": "127682",
    "name": "Costillar Cerdo Tradicional Cuisine & Co kg",
    "brand": "Cuisine & Co",
    "category": "carnes-y-pescados",
    "price": 17104,
    "price_original": null,
    "currency": "CLP",
    "size": null,
    "unit_price": 10690,
    "image_url": "https://jumbocl.vteximg.com.br/arquivos/ids/393487-250-250/COSTI-TRAD-C-CO-KG.jpg?v=638776874742030000",
    "productUrl": "https://www.jumbo.cl/costi-trad-c-y-co-kg/p",
    "in_stock": true,
    "promo_text": "Paga $12.784",
    "sku": "127682",
    "rating": 4.8,
    "description": null
  },
  {
    "id": "123377",
    "name": "Entraña Prime Americana Brandt Al Vacío kg",
    "brand": "Brandt",
    "category": "carnes-y-pescados",
    "price": 29592,
    "price_original": null,
    "currency": "CLP",
    "size": null,
    "unit_price": 36990,
    "image_url": "https://jumbocl.vteximg.com.br/arquivos/ids/318416-250-250/Entra%C3%B1a-Prime-Americana-Brandt-Al-Vacio-kg.jpg?v=638776414349800000",
    "productUrl": "https://www.jumbo.cl/entrana-prime-eeuu-brandt-v-kg-1953744-kg/p",
    "in_stock": true,
    "promo_text": null,
    "sku": "123377",
    "rating": 5,
    "description": null
  },
  {
    "id": "139321",
    "name": "Varita de Salmón Cuisine & Co 400 g",
    "brand": "Cuisine & Co",
    "category": "carnes-y-pescados",
    "price": 3990,
    "price_original": null,
    "currency": "CLP",
    "size": null,
    "unit_price": 9975,
    "image_url": "https://jumbocl.vteximg.com.br/arquivos/ids/331604-250-250/Varita-de-Salmon-Cuisine---Co-400-g.jpg?v=638776433284400000",
    "productUrl": "https://www.jumbo.cl/varita-de-salmon-atlanti-400g-cuisine-and-co-1997973/p",
    "in_stock": true,
    "promo_text": null,
    "sku": "139321",
    "rating": 5,
    "description": null
  },
  {
    "id": "30680",
    "name": "Pollo Ganso Premium Natural Al Vacío kg",
    "brand": "Natural",
    "category": "carnes-y-pescados",
    "price": 27180,
    "price_original": null,
    "currency": "CLP",
    "size": null,
    "unit_price": 13590,
    "image_url": "https://jumbocl.vteximg.com.br/arquivos/ids/306783-250-250/Pollo-Ganso-Premium-Natural-Al-Vacio-kg.jpg?v=638776383136230000",
    "productUrl": "https://www.jumbo.cl/pollo-ganso-carne-natural-osorno-cat-v-granel/p",
    "in_stock": true,
    "promo_text": null,
    "sku": "30680",
    "rating": null,
    "description": null
  },
  {
    "id": "88312",
    "name": "Filete Premium Camposorno Al Vacío kg",
    "brand": "Camposorno",
    "category": "carnes-y-pescados",
    "price": 50983,
    "price_original": null,
    "currency": "CLP",
    "size": null,
    "unit_price": 29990,
    "image_url": "https://jumbocl.vteximg.com.br/arquivos/ids/311932-250-250/Filete-Premium-Camposorno-Al-Vacio-kg.jpg?v=638985552476400000",
    "productUrl": "https://www.jumbo.cl/filete-premium-kg/p",
    "in_stock": true,
    "promo_text": null,
    "sku": "88312",
    "rating": null,
    "description": null
  },
  {
    "id": "24130",
    "name": "Choritos con Concha Congelados 454 g",
    "brand": "San José",
    "category": "carnes-y-pescados",
    "price": 3290,
    "price_original": null,
    "currency": "CLP",
    "size": null,
    "unit_price": 7247,
    "image_url": "https://jumbocl.vteximg.com.br/arquivos/ids/354884-250-250/Principal-22819.jpg?v=638776704217670000",
    "productUrl": "https://www.jumbo.cl/choritos-con-concha-san-jose-454-g/p",
    "in_stock": true,
    "promo_text": null,
    "sku": "24130",
    "rating": 5,
    "description": null
  },
  {
    "id": "92262",
    "name": "Congrio Dorado Filete Fresco kg",
    "brand": "Pescadería Jumbo",
    "category": "carnes-y-pescados",
    "price": 10495,
    "price_original": null,
    "currency": "CLP",
    "size": null,
    "unit_price": 20990,
    "image_url": "https://jumbocl.vteximg.com.br/arquivos/ids/312306-250-250/Congrio-Dorado-Filete-Fresco-kg.jpg?v=638776396112230000",
    "productUrl": "https://www.jumbo.cl/congrio-dorado-filete-prov-kg/p",
    "in_stock": true,
    "promo_text": null,
    "sku": "92262",
    "rating": 5,
    "description": null
  },
  {
    "id": "139333",
    "name": "Nuggets de Salmón Cuisine & Co 400 g",
    "brand": "Cuisine & Co",
    "category": "carnes-y-pescados",
    "price": 3990,
    "price_original": null,
    "currency": "CLP",
    "size": null,
    "unit_price": 9975,
    "image_url": "https://jumbocl.vteximg.com.br/arquivos/ids/331916-250-250/Nugget-de-Salmon-Cuisine---Co-400-g.jpg?v=638776433614830000",
    "productUrl": "https://www.jumbo.cl/nugget-de-salmon-atlanti-400g-cuisine-and-co-1997972/p",
    "in_stock": true,
    "promo_text": null,
    "sku": "139333",
    "rating": null,
    "description": null
  },
  {
    "id": "17852",
    "name": "Punta Paleta Natural Al Vacío kg",
    "brand": "Natural",
    "category": "carnes-y-pescados",
    "price": 13908,
    "price_original": null,
    "currency": "CLP",
    "size": null,
    "unit_price": 11590,
    "image_url": "https://jumbocl.vteximg.com.br/arquivos/ids/304036-250-250/Punta-Paleta-Natural-Al-Vacio-kg.jpg?v=638776378678430000",
    "productUrl": "https://www.jumbo.cl/punta-paleta-natural-cat-v-frigosorno-granel/p",
    "in_stock": true,
    "promo_text": null,
    "sku": "17852",
    "rating": 5,
    "description": null
  },
  {
    "id": "17845",
    "name": "Asiento Premium Natural Al Vacío kg",
    "brand": "Natural",
    "category": "carnes-y-pescados",
    "price": 23517,
    "price_original": null,
    "currency": "CLP",
    "size": null,
    "unit_price": 18090,
    "image_url": "https://jumbocl.vteximg.com.br/arquivos/ids/303977-250-250/Asiento-Premium-Natural-Al-Vacio-kg.jpg?v=638776378507000000",
    "productUrl": "https://www.jumbo.cl/asiento-carne-natural-osorno-granel/p",
    "in_stock": true,
    "promo_text": null,
    "sku": "17845",
    "rating": 4.8,
    "description": null
  },
  {
    "id": "80177",
    "name": "Entraña Premium A Punto Al Vacío kg",
    "brand": "A Punto",
    "category": "carnes-y-pescados",
    "price": 31990,
    "price_original": null,
    "currency": "CLP",
    "size": null,
    "unit_price": 31990,
    "image_url": "https://jumbocl.vteximg.com.br/arquivos/ids/310918-250-250/Entra%C3%B1a-Premium-A-Punto-Al-Vacio-kg.jpg?v=638776392512900000",
    "productUrl": "https://www.jumbo.cl/entrana-v-apunto-premium/p",
    "in_stock": true,
    "promo_text": null,
    "sku": "80177",
    "rating": 5,
    "description": null
  },
  {
    "id": "123375",
    "name": "Palanca Prime Americana Brandt Al Vacío kg",
    "brand": "Brandt",
    "category": "carnes-y-pescados",
    "price": 25191,
    "price_original": null,
    "currency": "CLP",
    "size": null,
    "unit_price": 27990,
    "image_url": "https://jumbocl.vteximg.com.br/arquivos/ids/318394-250-250/Palanca-Prime-Americana-Brandt-Al-Vacio-kg.jpg?v=638776414283600000",
    "productUrl": "https://www.jumbo.cl/palanca-prime-eeuu-brandt-v-kg-1955143-kg/p",
    "in_stock": true,
    "promo_text": null,
    "sku": "123375",
    "rating": null,
    "description": null
  },
  {
    "id": "17843",
    "name": "Punta Picana Premium Natural Al Vacío kg",
    "brand": "Natural",
    "category": "carnes-y-pescados",
    "price": 19789,
    "price_original": null,
    "currency": "CLP",
    "size": null,
    "unit_price": 17990,
    "image_url": "https://jumbocl.vteximg.com.br/arquivos/ids/303935-250-250/Punta-Picana-Premium-Natural-Al-Vacio-kg.jpg?v=638776378426500000",
    "productUrl": "https://www.jumbo.cl/punta-de-picana-cat-v-frigosorno-granel/p",
    "in_stock": true,
    "promo_text": null,
    "sku": "17843",
    "rating": null,
    "description": null
  },
  {
    "id": "98051",
    "name": "Machas Parmesanas Cuisine & Co Congeladas 250 g",
    "brand": "Cuisine & Co",
    "category": "carnes-y-pescados",
    "price": 11290,
    "price_original": null,
    "currency": "CLP",
    "size": null,
    "unit_price": null,
    "image_url": "https://jumbocl.vteximg.com.br/arquivos/ids/370213-250-250/Machas-Premium-parmesanas-congeladas-12-un.jpg?v=638776781104370000",
    "productUrl": "https://www.jumbo.cl/machas-parmesanas-congelados-12-uni-1861050/p",
    "in_stock": true,
    "promo_text": null,
    "sku": "98051",
    "rating": 2.6,
    "description": null
  },
  {
    "id": "95811",
    "name": "Carne de Jaiba Premium Congelada 500 g",
    "brand": "Cuisine & Co",
    "category": "carnes-y-pescados",
    "price": 12190,
    "price_original": null,
    "currency": "CLP",
    "size": null,
    "unit_price": 24380,
    "image_url": "https://jumbocl.vteximg.com.br/arquivos/ids/369027-250-250/Carne-de-jaiba-congelada-500-g.jpg?v=638776775308630000",
    "productUrl": "https://www.jumbo.cl/carna-de-jaiba-congelada-500-g/p",
    "in_stock": true,
    "promo_text": null,
    "sku": "95811",
    "rating": 4.1,
    "description": null
  },
  {
    "id": "17841",
    "name": "Lomo Liso Premium Natural Al Vacío kg",
    "brand": "Natural",
    "category": "carnes-y-pescados",
    "price": 28587,
    "price_original": null,
    "currency": "CLP",
    "size": null,
    "unit_price": 21990,
    "image_url": "https://jumbocl.vteximg.com.br/arquivos/ids/303907-250-250/Lomo-Liso--Premium-Natural-Al-Vacio-kg.jpg?v=638776378358030000",
    "productUrl": "https://www.jumbo.cl/lomo-liso-carne-natural-osorno-granel/p",
    "in_stock": true,
    "promo_text": null,
    "sku": "17841",
    "rating": null,
    "description": null
  },
  {
    "id": "10466",
    "name": "Camarón Cocido Sin Cáscara S 500 g",
    "brand": "Mar Verde",
    "category": "carnes-y-pescados",
    "price": 10790,
    "price_original": null,
    "currency": "CLP",
    "size": null,
    "unit_price": 21580,
    "image_url": "https://jumbocl.vteximg.com.br/arquivos/ids/350552-250-250/Principal-76.jpg?v=638776681538330000",
    "productUrl": "https://www.jumbo.cl/camarones-nacionales-mar-verde-sa-500-g-200300-coc/p",
    "in_stock": true,
    "promo_text": null,
    "sku": "10466",
    "rating": 4.3,
    "description": null
  },
  {
    "id": "88313",
    "name": "Lomo Liso Premium Camposorno Al Vacío kg",
    "brand": "Camposorno",
    "category": "carnes-y-pescados",
    "price": 31187,
    "price_original": null,
    "currency": "CLP",
    "size": null,
    "unit_price": 23990,
    "image_url": "https://jumbocl.vteximg.com.br/arquivos/ids/311952-250-250/Lomo-Liso-Premium-Camposorno-Al-Vacio-kg.jpg?v=638985597657230000",
    "productUrl": "https://www.jumbo.cl/lomo-liso-premium-kg/p",
    "in_stock": true,
    "promo_text": null,
    "sku": "88313",
    "rating": 5,
    "description": null
  },
  {
    "id": "95805",
    "name": "Congrio Dorado Premium Congelado 400 g",
    "brand": "Cuisine & Co",
    "category": "carnes-y-pescados",
    "price": 10990,
    "price_original": null,
    "currency": "CLP",
    "size": null,
    "unit_price": 27475,
    "image_url": "https://jumbocl.vteximg.com.br/arquivos/ids/369020-250-250/Congrio-dorado-congelado-al-vacio-400-g.jpg?v=638776775272230000",
    "productUrl": "https://www.jumbo.cl/congrio-dorado-congelado-al-vacio-400g/p",
    "in_stock": true,
    "promo_text": null,
    "sku": "95805",
    "rating": 5,
    "description": null
  },
  {
    "id": "139005",
    "name": "Abastero Americana Farmers Al Vacío kg",
    "brand": "Farmers",
    "category": "carnes-y-pescados",
    "price": 28883,
    "price_original": null,
    "currency": "CLP",
    "size": null,
    "unit_price": 16990,
    "image_url": "https://jumbocl.vteximg.com.br/arquivos/ids/331192-250-250/Abastero-Americana-Farmers-Al-Vacio-kg.jpg?v=638985567206370000",
    "productUrl": "https://www.jumbo.cl/abastero-eeuu-v-va/p",
    "in_stock": true,
    "promo_text": null,
    "sku": "139005",
    "rating": null,
    "description": null
  },
  {
    "id": "24128",
    "name": "Caviar Negro Frasco 50 g",
    "brand": "South Wind",
    "category": "carnes-y-pescados",
    "price": 4590,
    "price_original": null,
    "currency": "CLP",
    "size": null,
    "unit_price": 91800,
    "image_url": "https://jumbocl.vteximg.com.br/arquivos/ids/305019-250-250/Caviar-Negro-South-Wind-Frasco-50-g.jpg?v=638776381079670000",
    "productUrl": "https://www.jumbo.cl/caviar-negro-south-wind-50-g/p",
    "in_stock": true,
    "promo_text": null,
    "sku": "24128",
    "rating": 2.3,
    "description": null
  },
  {
    "id": "80204",
    "name": "Asado de Tira Criollito Premium A Punto Al Vacío kg",
    "brand": "A Punto",
    "category": "carnes-y-pescados",
    "price": 35184,
    "price_original": null,
    "currency": "CLP",
    "size": null,
    "unit_price": 21990,
    "image_url": "https://jumbocl.vteximg.com.br/arquivos/ids/310962-250-250/Asado-de-Tira-Criollito-Premium-A-Punto-Al-Vacio-kg.jpg?v=638985568442200000",
    "productUrl": "https://www.jumbo.cl/asado-de-tira-criollito-cat-v/p",
    "in_stock": true,
    "promo_text": null,
    "sku": "80204",
    "rating": 5,
    "description": null
  },
  {
    "id": "106332",
    "name": "Pulpo Cocido Laminado Congelado 300 g",
    "brand": "Congelados Premium",
    "category": "carnes-y-pescados",
    "price": 10990,
    "price_original": null,
    "currency": "CLP",
    "size": null,
    "unit_price": 36633,
    "image_url": "https://jumbocl.vteximg.com.br/arquivos/ids/375541-250-250/Pulpo-cocido-laminado-300-g.jpg?v=638776804109470000",
    "productUrl": "https://www.jumbo.cl/pulpo-cocido-laminado-300-gr-1880233/p",
    "in_stock": true,
    "promo_text": null,
    "sku": "106332",
    "rating": 5,
    "description": null
  },
  {
    "id": "123204",
    "name": "Lomo Liso Prime Americana Brandt Al Vacío kg",
    "brand": "Brandt",
    "category": "carnes-y-pescados",
    "price": 41587,
    "price_original": null,
    "currency": "CLP",
    "size": null,
    "unit_price": 31990,
    "image_url": "https://jumbocl.vteximg.com.br/arquivos/ids/318269-250-250/Lomo-Liso-Prime-Americana-Brandt-Al-Vacio-kg.jpg?v=638776413930400000",
    "productUrl": "https://www.jumbo.cl/lomo-liso-prime-eeuu-brandt-v-kg-1953747-kg/p",
    "in_stock": true,
    "promo_text": null,
    "sku": "123204",
    "rating": null,
    "description": null
  },
  {
    "id": "17840",
    "name": "Lomo Vetado Premium Natural Al Vacío kg",
    "brand": "Natural",
    "category": "carnes-y-pescados",
    "price": 31577,
    "price_original": null,
    "currency": "CLP",
    "size": null,
    "unit_price": 24290,
    "image_url": "https://jumbocl.vteximg.com.br/arquivos/ids/303885-250-250/Lomo-Vetado-Premium-Natural-Al-Vacio-kg.jpg?v=638985567842970000",
    "productUrl": "https://www.jumbo.cl/lomo-vetado-natural-cat-v-frigosorno-granel/p",
    "in_stock": true,
    "promo_text": null,
    "sku": "17840",
    "rating": null,
    "description": null
  },
  {
    "id": "105964",
    "name": "Salmón Congelado 1.2 kg",
    "brand": "Aqua",
    "category": "carnes-y-pescados",
    "price": 28990,
    "price_original": null,
    "currency": "CLP",
    "size": null,
    "unit_price": 24158,
    "image_url": "https://jumbocl.vteximg.com.br/arquivos/ids/375274-250-250/Salmon-Atlantico-sin-piel-12-kg.jpg?v=638776802893230000",
    "productUrl": "https://www.jumbo.cl/salmon-atlantico-sin-piel-aqua-1200-grs-1894854/p",
    "in_stock": true,
    "promo_text": null,
    "sku": "105964",
    "rating": 5,
    "description": null
  },
  {
    "id": "95809",
    "name": "Ostiones Premium Media Concha Congelado 500 g",
    "brand": "Cuisine & Co",
    "category": "carnes-y-pescados",
    "price": 12990,
    "price_original": null,
    "currency": "CLP",
    "size": null,
    "unit_price": 25980,
    "image_url": "https://jumbocl.vteximg.com.br/arquivos/ids/369031-250-250/Ostiones-media-concha-congelados-500-g.jpg?v=638776775315230000",
    "productUrl": "https://www.jumbo.cl/ostiones-media-concha-congelados-500-g/p",
    "in_stock": true,
    "promo_text": null,
    "sku": "95809",
    "rating": 5,
    "description": null
  },
  {
    "id": "92264",
    "name": "Ulte Fresco 400 g",
    "brand": "Pescadería Jumbo",
    "category": "carnes-y-pescados",
    "price": 2990,
    "price_original": null,
    "currency": "CLP",
    "size": null,
    "unit_price": 7475,
    "image_url": "https://jumbocl.vteximg.com.br/arquivos/ids/429983-250-250/Ulte-Fresco-400-g.jpg?v=638814668348700000",
    "productUrl": "https://www.jumbo.cl/ulte-pote-400-g/p",
    "in_stock": true,
    "promo_text": null,
    "sku": "92264",
    "rating": 3,
    "description": null
  },
  {
    "id": "123374",
    "name": "Tapabarriga Americana Brandt Al Vacío kg",
    "brand": "Brandt",
    "category": "carnes-y-pescados",
    "price": 22392,
    "price_original": null,
    "currency": "CLP",
    "size": null,
    "unit_price": 27990,
    "image_url": "https://jumbocl.vteximg.com.br/arquivos/ids/318388-250-250/Tapabarriga-Americana-Brandt-Al-Vacio-kg.jpg?v=638776414252500000",
    "productUrl": "https://www.jumbo.cl/tapabarriga-arrachera-eeuu-brandt-v-kg-1955144-kg/p",
    "in_stock": true,
    "promo_text": null,
    "sku": "123374",
    "rating": 5,
    "description": null
  },
  {
    "id": "87516",
    "name": "Hamburguesa de Salmón Cuisine & Co 100 g",
    "brand": "Cuisine & Co",
    "category": "carnes-y-pescados",
    "price": 1990,
    "price_original": null,
    "currency": "CLP",
    "size": null,
    "unit_price": 19900,
    "image_url": "https://jumbocl.vteximg.com.br/arquivos/ids/517078-250-250/Hamburguesa-de-Salmon-Cuisine---Co-100-g.jpg?v=638948346253030000",
    "productUrl": "https://www.jumbo.cl/hamburguesa-de-salmon-100-g-cuisine-and-co-1819095/p",
    "in_stock": true,
    "promo_text": null,
    "sku": "87516",
    "rating": 4.8,
    "description": null
  },
  {
    "id": "88320",
    "name": "Tapabarriga Premium Camposorno Al Vacío kg",
    "brand": "Camposorno",
    "category": "carnes-y-pescados",
    "price": 30583,
    "price_original": null,
    "currency": "CLP",
    "size": null,
    "unit_price": 17990,
    "image_url": "https://jumbocl.vteximg.com.br/arquivos/ids/311839-250-250/Tapabarriga-Premium-Camposorno-Al-Vacio-kg.jpg?v=638776394781570000",
    "productUrl": "https://www.jumbo.cl/tababarriga-premium-kg/p",
    "in_stock": true,
    "promo_text": null,
    "sku": "88320",
    "rating": null,
    "description": null
  },
  {
    "id": "30660",
    "name": "Lomo Liso Natural Al Vacío kg",
    "brand": "Natural",
    "category": "carnes-y-pescados",
    "price": 29386,
    "price_original": null,
    "currency": "CLP",
    "size": null,
    "unit_price": 20990,
    "image_url": "https://jumbocl.vteximg.com.br/arquivos/ids/307004-250-250/Lomo-Liso-Natural-Al-Vacio-kg.jpg?v=638776383642500000",
    "productUrl": "https://www.jumbo.cl/punta-de-ganso-carne-natural-osorno-cat-v-granel/p",
    "in_stock": true,
    "promo_text": null,
    "sku": "30660",
    "rating": 5,
    "description": null
  },
  {
    "id": "100697",
    "name": "Trucha Filete Congelada kg",
    "brand": "Cuisine & Co",
    "category": "carnes-y-pescados",
    "price": 19941,
    "price_original": null,
    "currency": "CLP",
    "size": null,
    "unit_price": 20990,
    "image_url": "https://jumbocl.vteximg.com.br/arquivos/ids/313422-250-250/Trucha-Filete-Congelada-Cuisine---Co-kg.jpg?v=638776399626900000",
    "productUrl": "https://www.jumbo.cl/trucha-filete-congelada-kg-cuisine-and-co-1855163-kg/p",
    "in_stock": true,
    "promo_text": null,
    "sku": "100697",
    "rating": 5,
    "description": null
  },
  {
    "id": "103110",
    "name": "Arrachera Natural Al Vacío kg",
    "brand": "Natural",
    "category": "carnes-y-pescados",
    "price": 22668,
    "price_original": null,
    "currency": "CLP",
    "size": null,
    "unit_price": 18890,
    "image_url": "https://jumbocl.vteximg.com.br/arquivos/ids/314057-250-250/Arrachera-Natural-Al-Vacio-kg.jpg?v=638776401212570000",
    "productUrl": "https://www.jumbo.cl/arrachera-natural/p",
    "in_stock": true,
    "promo_text": null,
    "sku": "103110",
    "rating": null,
    "description": null
  },
  {
    "id": "17844",
    "name": "Filete Premium Natural Al Vacío kg",
    "brand": "Natural",
    "category": "carnes-y-pescados",
    "price": 46393,
    "price_original": null,
    "currency": "CLP",
    "size": null,
    "unit_price": 27290,
    "image_url": "https://jumbocl.vteximg.com.br/arquivos/ids/303957-250-250/Filete-Premium-Natural-Al-Vacio-kg.jpg?v=638776378466070000",
    "productUrl": "https://www.jumbo.cl/filete-carne-natural-osorno-granel/p",
    "in_stock": true,
    "promo_text": null,
    "sku": "17844",
    "rating": null,
    "description": null
  },
  {
    "id": "941",
    "name": "Punta Picana Premium A Punto Al Vacío kg",
    "brand": "A Punto",
    "category": "carnes-y-pescados",
    "price": 21989,
    "price_original": null,
    "currency": "CLP",
    "size": null,
    "unit_price": 19990,
    "image_url": "https://jumbocl.vteximg.com.br/arquivos/ids/298293-250-250/Punta-Picana-Premium-A-Punto-Al-Vacio-kg.jpg?v=638775750619400000",
    "productUrl": "https://www.jumbo.cl/punta-picana-angusa-punto-900-g-aprox/p",
    "in_stock": true,
    "promo_text": null,
    "sku": "941",
    "rating": null,
    "description": null
  },
  {
    "id": "103752",
    "name": "Filete Entrecot Premium A Punto Al Vacío kg",
    "brand": "A Punto",
    "category": "carnes-y-pescados",
    "price": 44183,
    "price_original": null,
    "currency": "CLP",
    "size": null,
    "unit_price": 25990,
    "image_url": "https://jumbocl.vteximg.com.br/arquivos/ids/314294-250-250/Filete-Entrecot-Premium-A-Punto-Al-Vacio-kg.jpg?v=638776401597930000",
    "productUrl": "https://www.jumbo.cl/filete-lomo-liso-entrecot-cat-v-apunto-1734605-kg/p",
    "in_stock": true,
    "promo_text": null,
    "sku": "103752",
    "rating": null,
    "description": null
  },
  {
    "id": "80207",
    "name": "Lomo Vetado Tomahawk Premium A Punto Al Vacío kg",
    "brand": "A Punto",
    "category": "carnes-y-pescados",
    "price": 29689,
    "price_original": null,
    "currency": "CLP",
    "size": null,
    "unit_price": 26990,
    "image_url": "https://jumbocl.vteximg.com.br/arquivos/ids/310996-250-250/Lomo-Vetado-Tomahawk-Premium-A-Punto-Al-Vacio-kg.jpg?v=638776392717200000",
    "productUrl": "https://www.jumbo.cl/lomo-vetado-con-hueso-cat-v/p",
    "in_stock": true,
    "promo_text": null,
    "sku": "80207",
    "rating": 4,
    "description": null
  },
  {
    "id": "113323",
    "name": "Entraña EEUU Sin Piel Al Vacío kg",
    "brand": "La Hacienda",
    "category": "carnes-y-pescados",
    "price": 20995,
    "price_original": null,
    "currency": "CLP",
    "size": null,
    "unit_price": 41990,
    "image_url": "https://jumbocl.vteximg.com.br/arquivos/ids/380284-250-250/Entra%C3%B1a-EEUU-sin-piel-al-vacio-kg.jpg?v=638776822566400000",
    "productUrl": "https://www.jumbo.cl/entrana-eeuu-sin-piel-al-vacio-kg/p",
    "in_stock": true,
    "promo_text": null,
    "sku": "113323",
    "rating": 3,
    "description": null
  },
  {
    "id": "92260",
    "name": "Pulpo Entero kg",
    "brand": "Pescadería Jumbo",
    "category": "carnes-y-pescados",
    "price": 14990,
    "price_original": null,
    "currency": "CLP",
    "size": null,
    "unit_price": 14990,
    "image_url": "https://jumbocl.vteximg.com.br/arquivos/ids/430028-250-250/Pulpo-Entero-kg.jpg?v=638814668620230000",
    "productUrl": "https://www.jumbo.cl/pulpo-kilo/p",
    "in_stock": true,
    "promo_text": null,
    "sku": "92260",
    "rating": 5,
    "description": null
  },
  {
    "id": "127686",
    "name": "Plateada Lomo Cerdo Cuisine & Co 600 g",
    "brand": "Cuisine & Co",
    "category": "carnes-y-pescados",
    "price": 6990,
    "price_original": null,
    "currency": "CLP",
    "size": null,
    "unit_price": 11650,
    "image_url": "https://jumbocl.vteximg.com.br/arquivos/ids/393493-250-250/PL-LOMO-C-CO-600GR.jpg?v=638776874761870000",
    "productUrl": "https://www.jumbo.cl/pl-lomo-c-y-co-600gr/p",
    "in_stock": true,
    "promo_text": null,
    "sku": "127686",
    "rating": 5,
    "description": null
  },
  {
    "id": "936",
    "name": "Palanca Premium A Punto Al Vacío kg",
    "brand": "A Punto",
    "category": "carnes-y-pescados",
    "price": 27588,
    "price_original": null,
    "currency": "CLP",
    "size": null,
    "unit_price": 22990,
    "image_url": "https://jumbocl.vteximg.com.br/arquivos/ids/298285-250-250/Palanca-Premium-A-Punto-Al-Vacio-kg.jpg?v=638775750527700000",
    "productUrl": "https://www.jumbo.cl/palanca-angusa-punto-12-kg-aprox/p",
    "in_stock": true,
    "promo_text": null,
    "sku": "936",
    "rating": null,
    "description": null
  },
  {
    "id": "95780",
    "name": "Anillos de Calamar Apanados 400 g",
    "brand": "Cuisine & Co",
    "category": "carnes-y-pescados",
    "price": 5690,
    "price_original": null,
    "currency": "CLP",
    "size": null,
    "unit_price": 14225,
    "image_url": "https://jumbocl.vteximg.com.br/arquivos/ids/369010-250-250/Anillos-de-calamar-apanados-400-g-1-196039342.jpg?v=638776775231330000",
    "productUrl": "https://www.jumbo.cl/anillos-de-calamar-apanados-400-g-cuisine-and-co-1843962/p",
    "in_stock": true,
    "promo_text": null,
    "sku": "95780",
    "rating": 5,
    "description": null
  },
  {
    "id": "88318",
    "name": "Punta de Ganso Premium Camposorno Al Vacío kg",
    "brand": "Camposorno",
    "category": "carnes-y-pescados",
    "price": 33586,
    "price_original": null,
    "currency": "CLP",
    "size": null,
    "unit_price": 23990,
    "image_url": "https://jumbocl.vteximg.com.br/arquivos/ids/311809-250-250/Punta-de-Ganso-Premium-Camposorno-Al-Vacio-kg.jpg?v=638776394707900000",
    "productUrl": "https://www.jumbo.cl/punta-de-ganso-premium-kg/p",
    "in_stock": true,
    "promo_text": null,
    "sku": "88318",
    "rating": null,
    "description": null
  },
  {
    "id": "92259",
    "name": "Jibia Filete kg",
    "brand": "Pescadería Jumbo",
    "category": "carnes-y-pescados",
    "price": 3495,
    "price_original": null,
    "currency": "CLP",
    "size": null,
    "unit_price": 6990,
    "image_url": "https://jumbocl.vteximg.com.br/arquivos/ids/367729-250-250/Jibia-filete-kg-1-103601.jpg?v=638776769223200000",
    "productUrl": "https://www.jumbo.cl/jibia-filete-prov-kg/p",
    "in_stock": true,
    "promo_text": null,
    "sku": "92259",
    "rating": 5,
    "description": null
  },
  {
    "id": "132813",
    "name": "Tártaro Salmón Mango Congelado 150 g",
    "brand": "Cuisine & Co",
    "category": "carnes-y-pescados",
    "price": 6990,
    "price_original": null,
    "currency": "CLP",
    "size": null,
    "unit_price": 46600,
    "image_url": "https://jumbocl.vteximg.com.br/arquivos/ids/321783-250-250/Tartaro-Salmon-Mango-Congelado-Aqua-Austral-150-g.jpg?v=638776424062670000",
    "productUrl": "https://www.jumbo.cl/tartaro-salmon-mango-cong-aa-150gr-1984239/p",
    "in_stock": true,
    "promo_text": null,
    "sku": "132813",
    "rating": null,
    "description": null
  },
  {
    "id": "11013",
    "name": "Costillar Ahumado con Aliño Al Vacío 400 g",
    "brand": "Jumbo Artesanal",
    "category": "carnes-y-pescados",
    "price": 6384,
    "price_original": null,
    "currency": "CLP",
    "size": null,
    "unit_price": 15960,
    "image_url": "https://jumbocl.vteximg.com.br/arquivos/ids/301948-250-250/Costillar-ahumado-con-ali%C3%B1o-al-vacio-400-g.jpg?v=638776375606200000",
    "productUrl": "https://www.jumbo.cl/costillar-ahumado-con-alino-jumbo-2/p",
    "in_stock": true,
    "promo_text": null,
    "sku": "11013",
    "rating": 4.1,
    "description": null
  },
  {
    "id": "127683",
    "name": "Costillar Cerdo Chileno Cuisine & Co kg",
    "brand": "Cuisine & Co",
    "category": "carnes-y-pescados",
    "price": 17104,
    "price_original": null,
    "currency": "CLP",
    "size": null,
    "unit_price": 10690,
    "image_url": "https://jumbocl.vteximg.com.br/arquivos/ids/393486-250-250/COST-CHILE-C-CO-KG.jpg?v=638776874741400000",
    "productUrl": "https://www.jumbo.cl/cost-chile-c-y-co-kg/p",
    "in_stock": true,
    "promo_text": "Paga $12.784",
    "sku": "127683",
    "rating": 4.8,
    "description": null
  },
  {
    "id": "128667",
    "name": "Camarón Cocido con Cola Jumbo kg",
    "brand": "Pescadería Jumbo",
    "category": "carnes-y-pescados",
    "price": 13990,
    "price_original": null,
    "currency": "CLP",
    "size": null,
    "unit_price": 27980,
    "image_url": "https://jumbocl.vteximg.com.br/arquivos/ids/429996-250-250/Camaron-Cocido-Con-Cola-Jumbo-kg.jpg?v=638814668398800000",
    "productUrl": "https://www.jumbo.cl/camaron-coc-pel-c-cola-16-20-panamei-kg-1956125-kg/p",
    "in_stock": true,
    "promo_text": null,
    "sku": "128667",
    "rating": null,
    "description": null
  },
  {
    "id": "24192",
    "name": "Loin de Salmón Congelado 1.5 kg",
    "brand": "La Crianza",
    "category": "carnes-y-pescados",
    "price": 51590,
    "price_original": null,
    "currency": "CLP",
    "size": null,
    "unit_price": null,
    "image_url": "https://jumbocl.vteximg.com.br/arquivos/ids/354895-250-250/Principal-22881.jpg?v=638776704276730000",
    "productUrl": "https://www.jumbo.cl/loin-de-salmon-la-crianza-sin-piel-1-5-kg/p",
    "in_stock": true,
    "promo_text": null,
    "sku": "24192",
    "rating": 5,
    "description": null
  },
  {
    "id": "24194",
    "name": "Caviar Negro Caviar 100 g",
    "brand": "South Wind",
    "category": "carnes-y-pescados",
    "price": 6990,
    "price_original": null,
    "currency": "CLP",
    "size": null,
    "unit_price": 69900,
    "image_url": "https://jumbocl.vteximg.com.br/arquivos/ids/304990-250-250/Caviar-Negro-South-Wind-Frasco-100-g.jpg?v=638776380986600000",
    "productUrl": "https://www.jumbo.cl/caviar-negro-south-wind-100-g/p",
    "in_stock": true,
    "promo_text": null,
    "sku": "24194",
    "rating": 5,
    "description": null
  },
  {
    "id": "95810",
    "name": "Pinzas de Jaiba Premium Congelado 500 g",
    "brand": "Cuisine & Co",
    "category": "carnes-y-pescados",
    "price": 12790,
    "price_original": null,
    "currency": "CLP",
    "size": null,
    "unit_price": 25580,
    "image_url": "https://jumbocl.vteximg.com.br/arquivos/ids/369029-250-250/Pinzas-de-jaiba-congelada-500-g.jpg?v=638776775312900000",
    "productUrl": "https://www.jumbo.cl/pinzas-de-jaiba-congelada-500-g/p",
    "in_stock": true,
    "promo_text": null,
    "sku": "95810",
    "rating": 1,
    "description": null
  },
  {
    "id": "147052",
    "name": "Colas de Langosta Norteamérica Luke’s 198 g",
    "brand": "Lukes",
    "category": "carnes-y-pescados",
    "price": 24990,
    "price_original": null,
    "currency": "CLP",
    "size": null,
    "unit_price": 126212,
    "image_url": "https://jumbocl.vteximg.com.br/arquivos/ids/410381-250-250/Colas-de-Langosta-Norteamerica-Luke%E2%80%99s-198-g.jpg?v=638790481488130000",
    "productUrl": "https://www.jumbo.cl/colas-langosta-norteamaerica-lukes-198gr-2007047/p",
    "in_stock": true,
    "promo_text": null,
    "sku": "147052",
    "rating": null,
    "description": null
  },
  {
    "id": "86933",
    "name": "Caviar Rojo de Salmón Ikurasur 100 g",
    "brand": "Aqua Austral",
    "category": "carnes-y-pescados",
    "price": 12990,
    "price_original": null,
    "currency": "CLP",
    "size": null,
    "unit_price": 129900,
    "image_url": "https://jumbocl.vteximg.com.br/arquivos/ids/365886-250-250/Caviar-de-salmon-ikurasur-100-g.jpg?v=638776761019800000",
    "productUrl": "https://www.jumbo.cl/caviar-de-salmon-100-gr-ikurasur/p",
    "in_stock": true,
    "promo_text": null,
    "sku": "86933",
    "rating": 5,
    "description": null
  },
  {
    "id": "75228",
    "name": "Baby Back Ribs Cerdo Americano Congelado kg",
    "brand": "Americano",
    "category": "carnes-y-pescados",
    "price": 19984,
    "price_original": null,
    "currency": "CLP",
    "size": null,
    "unit_price": 12490,
    "image_url": "https://jumbocl.vteximg.com.br/arquivos/ids/363064-250-250/Baby-Back-ribs-americano-congelado-kg.jpg?v=638776746341370000",
    "productUrl": "https://www.jumbo.cl/baby-back-ribs-americano-congelado-kg/p",
    "in_stock": true,
    "promo_text": null,
    "sku": "75228",
    "rating": 4.7,
    "description": null
  },
  {
    "id": "139340",
    "name": "Lomo de Salmón Cuisine & Co 100 g",
    "brand": "Cuisine & Co",
    "category": "carnes-y-pescados",
    "price": 2190,
    "price_original": null,
    "currency": "CLP",
    "size": null,
    "unit_price": 21900,
    "image_url": "https://jumbocl.vteximg.com.br/arquivos/ids/331587-250-250/Lomo-de-Salmon-Cuisine---Co-100-g.jpg?v=638776433268000000",
    "productUrl": "https://www.jumbo.cl/lomo-de-salmon-atlanti-100g-cuisine-and-co-2002596/p",
    "in_stock": true,
    "promo_text": null,
    "sku": "139340",
    "rating": null,
    "description": null
  },
  {
    "id": "144689",
    "name": "Pulpo Congelado 100 g",
    "brand": "Cuisine & Co",
    "category": "carnes-y-pescados",
    "price": 5990,
    "price_original": null,
    "currency": "CLP",
    "size": null,
    "unit_price": 59900,
    "image_url": "https://jumbocl.vteximg.com.br/arquivos/ids/341140-250-250/SLICE-DE-PULPO-CONG-AA-100-G.jpg?v=638776441427800000",
    "productUrl": "https://www.jumbo.cl/slice-de-pulpo-cong-aa-100-g-2005806/p",
    "in_stock": true,
    "promo_text": null,
    "sku": "144689",
    "rating": null,
    "description": null
  },
  {
    "id": "24139",
    "name": "Almeja Juliana Congelada 500 g",
    "brand": "South Wind",
    "category": "carnes-y-pescados",
    "price": 4090,
    "price_original": null,
    "currency": "CLP",
    "size": null,
    "unit_price": null,
    "image_url": "https://jumbocl.vteximg.com.br/arquivos/ids/305122-250-250/Almeja-Juliana-South-Wind-500-g.jpg?v=638776381257930000",
    "productUrl": "https://www.jumbo.cl/almeja-juliana-south-wind-500-g/p",
    "in_stock": true,
    "promo_text": null,
    "sku": "24139",
    "rating": 5,
    "description": null
  },
  {
    "id": "144688",
    "name": "Tártaro Loco Acevichado Congelado 150 g",
    "brand": "Aqua Austral",
    "category": "carnes-y-pescados",
    "price": 14990,
    "price_original": null,
    "currency": "CLP",
    "size": null,
    "unit_price": 99933,
    "image_url": "https://jumbocl.vteximg.com.br/arquivos/ids/341105-250-250/TARTARO-LOCO-ACEVICHADO-CONG-AA-150-G.jpg?v=638776441390830000",
    "productUrl": "https://www.jumbo.cl/tartaro-loco-acevichado-cong-aa-150-g-2005805/p",
    "in_stock": true,
    "promo_text": null,
    "sku": "144688",
    "rating": null,
    "description": null
  },
  {
    "id": "137239",
    "name": "Pulpo Cocido Congelado 454 g",
    "brand": "Panamei",
    "category": "carnes-y-pescados",
    "price": 22990,
    "price_original": null,
    "currency": "CLP",
    "size": null,
    "unit_price": 50639,
    "image_url": "https://jumbocl.vteximg.com.br/arquivos/ids/410154-250-250/Pulpo-Cocido-Congelado-454-g.jpg?v=638790480911300000",
    "productUrl": "https://www.jumbo.cl/pulpo-coc-panamei-454gr-1996594/p",
    "in_stock": true,
    "promo_text": null,
    "sku": "137239",
    "rating": null,
    "description": null
  },
  {
    "id": "89141",
    "name": "Camarón Cocido Sin Cáscara L 400 g",
    "brand": "Mar Verde",
    "category": "carnes-y-pescados",
    "price": 13390,
    "price_original": null,
    "currency": "CLP",
    "size": null,
    "unit_price": 33475,
    "image_url": "https://jumbocl.vteximg.com.br/arquivos/ids/367016-250-250/Camar-n-ecuatoriano-org-nico-400-g-1-199346419.jpg?v=638776765926730000",
    "productUrl": "https://www.jumbo.cl/camaron-ecuatoriano-organico-400-g/p",
    "in_stock": true,
    "promo_text": null,
    "sku": "89141",
    "rating": 5,
    "description": null
  },
  {
    "id": "95494",
    "name": "Chuleta Parrillera Cordero 600 g",
    "brand": "Simunovic",
    "category": "carnes-y-pescados",
    "price": 16990,
    "price_original": null,
    "currency": "CLP",
    "size": null,
    "unit_price": 28317,
    "image_url": "https://jumbocl.vteximg.com.br/arquivos/ids/368859-250-250/Chuleta-parrillera-cordero-600-g.jpg?v=638776774526330000",
    "productUrl": "https://www.jumbo.cl/chuleta-parrillera-cordero-600gr-simuno/p",
    "in_stock": true,
    "promo_text": null,
    "sku": "95494",
    "rating": null,
    "description": null
  },
  {
    "id": "95842",
    "name": "Salmón No Tratado Congelado 400 g",
    "brand": "Cuisine & Co",
    "category": "carnes-y-pescados",
    "price": 12990,
    "price_original": null,
    "currency": "CLP",
    "size": null,
    "unit_price": 32475,
    "image_url": "https://jumbocl.vteximg.com.br/arquivos/ids/312755-250-250/Salmon-Congelado-Al-Vacio-400-g.jpg?v=638776397498800000",
    "productUrl": "https://www.jumbo.cl/salmon-congelado-al-vacio-400g/p",
    "in_stock": true,
    "promo_text": null,
    "sku": "95842",
    "rating": 5,
    "description": null
  },
  {
    "id": "144686",
    "name": "Slice de Loco Congelado 100 g",
    "brand": "Cuisine & Co",
    "category": "carnes-y-pescados",
    "price": 9990,
    "price_original": null,
    "currency": "CLP",
    "size": null,
    "unit_price": 99900,
    "image_url": "https://jumbocl.vteximg.com.br/arquivos/ids/341041-250-250/SLICE-DE-LOCO-CONG-AA-100-G.jpg?v=638776441316900000",
    "productUrl": "https://www.jumbo.cl/slice-de-loco-cong-aa-100-g-2005803/p",
    "in_stock": true,
    "promo_text": null,
    "sku": "144686",
    "rating": null,
    "description": null
  },
  {
    "id": "135195",
    "name": "Loin Trucha Al Vacío Congelado 250 g",
    "brand": "CaletaBay",
    "category": "carnes-y-pescados",
    "price": 7990,
    "price_original": null,
    "currency": "CLP",
    "size": null,
    "unit_price": 31960,
    "image_url": "https://jumbocl.vteximg.com.br/arquivos/ids/324217-250-250/LOIN-TRUCHA-CBAY-250-GRS.jpg?v=638776427425630000",
    "productUrl": "https://www.jumbo.cl/loin-trucha-cbay-250-grs-1993244/p",
    "in_stock": true,
    "promo_text": null,
    "sku": "135195",
    "rating": 5,
    "description": null
  },
  {
    "id": "17900",
    "name": "Cordero en Vara Congelado kg",
    "brand": "Carnicería Propia",
    "category": "carnes-y-pescados",
    "price": 166460,
    "price_original": null,
    "currency": "CLP",
    "size": null,
    "unit_price": 11890,
    "image_url": "https://jumbocl.vteximg.com.br/arquivos/ids/352667-250-250/Cordero-vara-congelado-kg.jpg?v=638776693889470000",
    "productUrl": "https://www.jumbo.cl/cordero-procarne-granel/p",
    "in_stock": true,
    "promo_text": null,
    "sku": "17900",
    "rating": 4.5,
    "description": null
  },
  {
    "id": "135185",
    "name": "Loin Trucha Porciones Congelado 500 g",
    "brand": "CaletaBay",
    "category": "carnes-y-pescados",
    "price": 13990,
    "price_original": null,
    "currency": "CLP",
    "size": null,
    "unit_price": 27980,
    "image_url": "https://jumbocl.vteximg.com.br/arquivos/ids/323688-250-250/LOIN-TRUCHA-PORCION-CBAY-500-GRS.jpg?v=638776427074430000",
    "productUrl": "https://www.jumbo.cl/loin-trucha-porcion-cbay-500-grs-1993246/p",
    "in_stock": true,
    "promo_text": null,
    "sku": "135185",
    "rating": 5,
    "description": null
  },
  {
    "id": "146746",
    "name": "Molde de Carne de Jaiba Cuisine & Co 500 g",
    "brand": "Cuisine & Co",
    "category": "carnes-y-pescados",
    "price": 14990,
    "price_original": null,
    "currency": "CLP",
    "size": null,
    "unit_price": 29980,
    "image_url": "https://jumbocl.vteximg.com.br/arquivos/ids/417054-250-250/Molde-de-Carne-de-Jaiba-Cuisine---Co-500-g.jpg?v=638803698088200000",
    "productUrl": "https://www.jumbo.cl/molde-carne-de-jaiba-500g-cuisine-and-co-2027105/p",
    "in_stock": true,
    "promo_text": null,
    "sku": "146746",
    "rating": null,
    "description": null
  },
  {
    "id": "132809",
    "name": "Tártaro Atún Congelado 150 g",
    "brand": "Aqua Austral",
    "category": "carnes-y-pescados",
    "price": 6490,
    "price_original": null,
    "currency": "CLP",
    "size": null,
    "unit_price": 43267,
    "image_url": "https://jumbocl.vteximg.com.br/arquivos/ids/321712-250-250/Tartaro-Atun-Congelado-Aqua-Austral-150-g.jpg?v=638776423947330000",
    "productUrl": "https://www.jumbo.cl/tartaro-atun-cong-aa-150gr-1984241/p",
    "in_stock": true,
    "promo_text": null,
    "sku": "132809",
    "rating": null,
    "description": null
  },
  {
    "id": "122745",
    "name": "Slices Trucha Ahumada En Frío 200 g",
    "brand": "Cuisine & Co",
    "category": "carnes-y-pescados",
    "price": 10990,
    "price_original": null,
    "currency": "CLP",
    "size": null,
    "unit_price": 54950,
    "image_url": "https://jumbocl.vteximg.com.br/arquivos/ids/388279-250-250/Slices-trucha-ahumada-frio-200-g.jpg?v=638776855190700000",
    "productUrl": "https://www.jumbo.cl/slices-trucha-ahumada-frio-200-g-c-and-co-1938673/p",
    "in_stock": true,
    "promo_text": null,
    "sku": "122745",
    "rating": null,
    "description": null
  },
  {
    "id": "24138",
    "name": "Caviar Rojo 100 g",
    "brand": "South Wind",
    "category": "carnes-y-pescados",
    "price": 6990,
    "price_original": null,
    "currency": "CLP",
    "size": null,
    "unit_price": 69900,
    "image_url": "https://jumbocl.vteximg.com.br/arquivos/ids/305094-250-250/Caviar-Rojo-South-Wind-Frasco-100-g.jpg?v=638776381225770000",
    "productUrl": "https://www.jumbo.cl/caviar-rojo-south-wind-100-g/p",
    "in_stock": true,
    "promo_text": null,
    "sku": "24138",
    "rating": 5,
    "description": null
  },
  {
    "id": "85470",
    "name": "Salmón Filete Congelado kg",
    "brand": "Cuisine & Co",
    "category": "carnes-y-pescados",
    "price": 33986,
    "price_original": null,
    "currency": "CLP",
    "size": null,
    "unit_price": 24990,
    "image_url": "https://jumbocl.vteximg.com.br/arquivos/ids/311620-250-250/Filete-de-Salmon-Congelado-kg.jpg?v=638776394239300000",
    "productUrl": "https://www.jumbo.cl/filete-de-salmon-congelado-kg-cuisine-and-co-1829854-kg/p",
    "in_stock": true,
    "promo_text": null,
    "sku": "85470",
    "rating": 5,
    "description": null
  },
  {
    "id": "98050",
    "name": "Ostiones Parmesanos Cuisine & Co Congelados 360 g",
    "brand": "Cuisine & Co",
    "category": "carnes-y-pescados",
    "price": 13190,
    "price_original": null,
    "currency": "CLP",
    "size": null,
    "unit_price": null,
    "image_url": "https://jumbocl.vteximg.com.br/arquivos/ids/370214-250-250/Ostiones-parmesanos-seleccionados-8-un.jpg?v=638776781104830000",
    "productUrl": "https://www.jumbo.cl/ostiones-parmesanos-congelados-8-uni-1861051/p",
    "in_stock": true,
    "promo_text": null,
    "sku": "98050",
    "rating": 4,
    "description": null
  },
  {
    "id": "17915",
    "name": "Chuleta de Cordero Simunovic 1.5 kg",
    "brand": "Simunovic",
    "category": "carnes-y-pescados",
    "price": 39990,
    "price_original": null,
    "currency": "CLP",
    "size": null,
    "unit_price": 26660,
    "image_url": "https://jumbocl.vteximg.com.br/arquivos/ids/352676-250-250/261626.jpg?v=638776693943230000",
    "productUrl": "https://www.jumbo.cl/chuleta-de-cordero-simunovic-15-kg/p",
    "in_stock": true,
    "promo_text": null,
    "sku": "17915",
    "rating": 4.3,
    "description": null
  },
  {
    "id": "144687",
    "name": "Slice de Pulpo Salsa Olivo Congelado 100 g",
    "brand": "Cuisine & Co",
    "category": "carnes-y-pescados",
    "price": 7990,
    "price_original": null,
    "currency": "CLP",
    "size": null,
    "unit_price": 79900,
    "image_url": "https://jumbocl.vteximg.com.br/arquivos/ids/341077-250-250/SLICE-DE-PULPO-SALSA-OLIVO-CONG-AA-100-G.jpg?v=638776441356700000",
    "productUrl": "https://www.jumbo.cl/slice-de-pulpo-salsa-olivo-cong-aa-100-g-2005804/p",
    "in_stock": true,
    "promo_text": null,
    "sku": "144687",
    "rating": null,
    "description": null
  },
  {
    "id": "137993",
    "name": "Navajuela En Conserva 420 g",
    "brand": "Stella Maris",
    "category": "carnes-y-pescados",
    "price": 12990,
    "price_original": null,
    "currency": "CLP",
    "size": null,
    "unit_price": 28867,
    "image_url": "https://jumbocl.vteximg.com.br/arquivos/ids/328623-250-250/NAVAJUELA-CONSERVA-STELLA-MARIS-450-GRS.jpg?v=638776431109530000",
    "productUrl": "https://www.jumbo.cl/navajuela-conserva-stella-maris-450-grs-1980046/p",
    "in_stock": true,
    "promo_text": null,
    "sku": "137993",
    "rating": null,
    "description": null
  },
  {
    "id": "46423",
    "name": "Machas A La Parmesana Congeladas 12 un.",
    "brand": "Chef Vittó",
    "category": "carnes-y-pescados",
    "price": 15990,
    "price_original": null,
    "currency": "CLP",
    "size": null,
    "unit_price": null,
    "image_url": "https://jumbocl.vteximg.com.br/arquivos/ids/357986-250-250/1700568-1.jpg?v=638776721537630000",
    "productUrl": "https://www.jumbo.cl/machas-a-la-parmesana-12-unid-chef-vitto/p",
    "in_stock": true,
    "promo_text": null,
    "sku": "46423",
    "rating": null,
    "description": null
  },
  {
    "id": "95807",
    "name": "Trucha Al Vacío Congelada 400 g",
    "brand": "Congelados Premium",
    "category": "carnes-y-pescados",
    "price": 11290,
    "price_original": null,
    "currency": "CLP",
    "size": null,
    "unit_price": 28225,
    "image_url": "https://jumbocl.vteximg.com.br/arquivos/ids/369028-250-250/Trucha-congelada-al-vacio-400-g.jpg?v=638776775309000000",
    "productUrl": "https://www.jumbo.cl/trucha-congelada-al-vacio-400g/p",
    "in_stock": true,
    "promo_text": null,
    "sku": "95807",
    "rating": 3.8,
    "description": null
  },
  {
    "id": "10478",
    "name": "Caviar Rojo Frasco 50 g",
    "brand": "South Wind",
    "category": "carnes-y-pescados",
    "price": 4590,
    "price_original": null,
    "currency": "CLP",
    "size": null,
    "unit_price": 91800,
    "image_url": "https://jumbocl.vteximg.com.br/arquivos/ids/301770-250-250/Caviar-Rojo-South-Wind-Frasco-50-g.jpg?v=638776375346570000",
    "productUrl": "https://www.jumbo.cl/caviar-rojo-south-wind-frasco-50-g/p",
    "in_stock": true,
    "promo_text": null,
    "sku": "10478",
    "rating": null,
    "description": null
  },
  {
    "id": "98066",
    "name": "Centolla Congelada 250 g",
    "brand": "Congelados Premium",
    "category": "carnes-y-pescados",
    "price": 22990,
    "price_original": null,
    "currency": "CLP",
    "size": null,
    "unit_price": 91960,
    "image_url": "https://jumbocl.vteximg.com.br/arquivos/ids/370235-250-250/Carne-de-Centolla-congelada-250-g.jpg?v=638776781296600000",
    "productUrl": "https://www.jumbo.cl/carne-centolla-congelada-250-g-1857001/p",
    "in_stock": true,
    "promo_text": null,
    "sku": "98066",
    "rating": null,
    "description": null
  },
  {
    "id": "138524",
    "name": "Camarón Crudo Pelado y Desvenado con Cola Panamá 8/12 kg",
    "brand": "Marca Propia",
    "category": "carnes-y-pescados",
    "price": 14990,
    "price_original": null,
    "currency": "CLP",
    "size": null,
    "unit_price": 29980,
    "image_url": "https://jumbocl.vteximg.com.br/arquivos/ids/430002-250-250/Camaron-Crudo-Pelado-y-Desvenado-con-Cola-Panama-8-12-kg.jpg?v=638814668438430000",
    "productUrl": "https://www.jumbo.cl/cam-cru-pel-deven-c-cola-panam-8-12-kg-1994075-kg/p",
    "in_stock": true,
    "promo_text": null,
    "sku": "138524",
    "rating": null,
    "description": null
  },
  {
    "id": "148669",
    "name": "Tabla del Mar un.",
    "brand": "Pescadería Jumbo",
    "category": "carnes-y-pescados",
    "price": 19990,
    "price_original": null,
    "currency": "CLP",
    "size": null,
    "unit_price": null,
    "image_url": "https://jumbocl.vteximg.com.br/arquivos/ids/430012-250-250/Tabla-del-Mar-un.jpg?v=638814668481070000",
    "productUrl": "https://www.jumbo.cl/tabla-del-mar-un/p",
    "in_stock": true,
    "promo_text": null,
    "sku": "148669",
    "rating": null,
    "description": null
  },
  {
    "id": "97911",
    "name": "Caviar Rojo de Trucha Ikurasur 100 g",
    "brand": "Aqua Austral",
    "category": "carnes-y-pescados",
    "price": 11490,
    "price_original": null,
    "currency": "CLP",
    "size": null,
    "unit_price": 114900,
    "image_url": "https://jumbocl.vteximg.com.br/arquivos/ids/370114-250-250/Caviar-de-trucha-100-gr-ikurasur.jpg?v=638776780649470000",
    "productUrl": "https://www.jumbo.cl/caviar-de-trucha-100-gr-ikurasur-1859791/p",
    "in_stock": true,
    "promo_text": null,
    "sku": "97911",
    "rating": null,
    "description": null
  },
  {
    "id": "146798",
    "name": "Corazón de Vacuno Congelado",
    "brand": "Al vacío",
    "category": "carnes-y-pescados",
    "price": 5490,
    "price_original": null,
    "currency": "CLP",
    "size": null,
    "unit_price": 5490,
    "image_url": "https://jumbocl.vteximg.com.br/arquivos/ids/488524-250-250/Corazon-de-Vacuno-Congelado.jpg?v=638894807633300000",
    "productUrl": "https://www.jumbo.cl/corazon-de-vacuno-congelado-2021748-kg/p",
    "in_stock": true,
    "promo_text": null,
    "sku": "146798",
    "rating": null,
    "description": null
  },
  {
    "id": "137235",
    "name": "Filete de Chillo Congelado 454 g",
    "brand": "Panamei",
    "category": "carnes-y-pescados",
    "price": 4990,
    "price_original": 7990,
    "currency": "CLP",
    "size": null,
    "unit_price": 10991,
    "image_url": "https://jumbocl.vteximg.com.br/arquivos/ids/478704-250-250/Pargo-Congelado-454-g.jpg?v=638877519673600000",
    "productUrl": "https://www.jumbo.cl/ocean-perch-panamei-454gr-1996592/p",
    "in_stock": true,
    "promo_text": null,
    "sku": "137235",
    "rating": null,
    "description": null
  },
  {
    "id": "148023",
    "name": "Corvina Congelada 500 g",
    "brand": "Cuisine & Co",
    "category": "carnes-y-pescados",
    "price": 11490,
    "price_original": null,
    "currency": "CLP",
    "size": null,
    "unit_price": 22980,
    "image_url": "https://jumbocl.vteximg.com.br/arquivos/ids/493388-250-250/Corvina-Fresca-500-g.jpg?v=638907197576770000",
    "productUrl": "https://www.jumbo.cl/corvina-f-500g-c-and-c-2034036/p",
    "in_stock": true,
    "promo_text": null,
    "sku": "148023",
    "rating": null,
    "description": null
  },
  {
    "id": "154011",
    "name": "Cordero Trozado Agromarín Congelado 1 kg",
    "brand": "Agromarín",
    "category": "carnes-y-pescados",
    "price": 11990,
    "price_original": null,
    "currency": "CLP",
    "size": null,
    "unit_price": 11990,
    "image_url": "https://jumbocl.vteximg.com.br/arquivos/ids/500961-250-250/Cordero-Trozado-Agromarin-Congelado-1-kg.jpg?v=638919120314800000",
    "productUrl": "https://www.jumbo.cl/cordero-trozado-cong-agromarin-1-kg-2044223/p",
    "in_stock": true,
    "promo_text": null,
    "sku": "154011",
    "rating": null,
    "description": null
  },
  {
    "id": "153519",
    "name": "Wakame South Wind 200 g",
    "brand": "South Wind",
    "category": "carnes-y-pescados",
    "price": 3490,
    "price_original": null,
    "currency": "CLP",
    "size": null,
    "unit_price": 17450,
    "image_url": "https://jumbocl.vteximg.com.br/arquivos/ids/491037-250-250/Wakame-South-Wind-200-g.jpg?v=638904463298270000",
    "productUrl": "https://www.jumbo.cl/wakame-200gr-2043668/p",
    "in_stock": true,
    "promo_text": null,
    "sku": "153519",
    "rating": null,
    "description": null
  },
  {
    "id": "153262",
    "name": "Chupe de Loco Alimex 250 g",
    "brand": "Alimex",
    "category": "carnes-y-pescados",
    "price": 7990,
    "price_original": null,
    "currency": "CLP",
    "size": null,
    "unit_price": 31960,
    "image_url": "https://jumbocl.vteximg.com.br/arquivos/ids/491481-250-250/Chupe-Loco-Alimex-250-g.jpg?v=638905523976230000",
    "productUrl": "https://www.jumbo.cl/chupe-loco-250gr-2040819/p",
    "in_stock": true,
    "promo_text": null,
    "sku": "153262",
    "rating": null,
    "description": null
  },
  {
    "id": "151458",
    "name": "Carne Tomahawk EEUU",
    "brand": "Jumbo",
    "category": "carnes-y-pescados",
    "price": 32990,
    "price_original": null,
    "currency": "CLP",
    "size": null,
    "unit_price": 32990,
    "image_url": "https://jumbocl.vteximg.com.br/arquivos/ids/503184-250-250/2036308-KG-01_710718.jpg?v=638926090553800000",
    "productUrl": "https://www.jumbo.cl/carne-tomahawk-eeu-2036308-kg/p",
    "in_stock": true,
    "promo_text": null,
    "sku": "151458",
    "rating": null,
    "description": null
  },
  {
    "id": "153265",
    "name": "Chupe de Camarón Alimex 250 g",
    "brand": "Alimex",
    "category": "carnes-y-pescados",
    "price": 7990,
    "price_original": null,
    "currency": "CLP",
    "size": null,
    "unit_price": 31960,
    "image_url": "https://jumbocl.vteximg.com.br/arquivos/ids/491495-250-250/Chupe-Camaron-Alimex-250-g.jpg?v=638905524029900000",
    "productUrl": "https://www.jumbo.cl/chupe-camaron-250g-2040822/p",
    "in_stock": true,
    "promo_text": null,
    "sku": "153265",
    "rating": null,
    "description": null
  },
  {
    "id": "154005",
    "name": "Chuletón Cordero Agromarín Congelado 1 kg",
    "brand": "Agromarín",
    "category": "carnes-y-pescados",
    "price": 12990,
    "price_original": null,
    "currency": "CLP",
    "size": null,
    "unit_price": 12990,
    "image_url": "https://jumbocl.vteximg.com.br/arquivos/ids/500957-250-250/Chuleton-Cordero-Agromarin-Congelado-1-kg.jpg?v=638919120285370000",
    "productUrl": "https://www.jumbo.cl/chuleton-cordero-cong-agromarin-1-kg-2044221/p",
    "in_stock": true,
    "promo_text": null,
    "sku": "154005",
    "rating": null,
    "description": null
  },
  {
    "id": "153263",
    "name": "Chupe de Pulpo Alimex 250 g",
    "brand": "Alimex",
    "category": "carnes-y-pescados",
    "price": 7990,
    "price_original": null,
    "currency": "CLP",
    "size": null,
    "unit_price": 31960,
    "image_url": "https://jumbocl.vteximg.com.br/arquivos/ids/491486-250-250/Chupe-Pulpo-Alimex-250-g.jpg?v=638905523992800000",
    "productUrl": "https://www.jumbo.cl/chupe-pulpo-250gr-2040820/p",
    "in_stock": true,
    "promo_text": null,
    "sku": "153263",
    "rating": null,
    "description": null
  },
  {
    "id": "153324",
    "name": "Chupe de Ostión Alimex 250 g",
    "brand": "Alimex",
    "category": "carnes-y-pescados",
    "price": 7990,
    "price_original": null,
    "currency": "CLP",
    "size": null,
    "unit_price": 31960,
    "image_url": "https://jumbocl.vteximg.com.br/arquivos/ids/491491-250-250/Chupe-Ostion-Alimex-250-g.jpg?v=638905524009670000",
    "productUrl": "https://www.jumbo.cl/chupe-ostion-250gr-2040821/p",
    "in_stock": true,
    "promo_text": null,
    "sku": "153324",
    "rating": null,
    "description": null
  },
  {
    "id": "154051",
    "name": "Paleta Cordero Agromarín Deshuesado Congelado 1.2 kg",
    "brand": "Agromarín",
    "category": "carnes-y-pescados",
    "price": 28990,
    "price_original": null,
    "currency": "CLP",
    "size": null,
    "unit_price": 24158,
    "image_url": "https://jumbocl.vteximg.com.br/arquivos/ids/500959-250-250/Paleta-Cordero-Agromarin-Deshuesado-Congelado-12-kg.jpg?v=638919120300770000",
    "productUrl": "https://www.jumbo.cl/paleta-cordero-desh-cong-agromarin-1-2-k-2044222/p",
    "in_stock": true,
    "promo_text": null,
    "sku": "154051",
    "rating": null,
    "description": null
  },
  {
    "id": "118169",
    "name": "Loin Atún kg",
    "brand": "Jumbo",
    "category": "carnes-y-pescados",
    "price": 8995,
    "price_original": null,
    "currency": "CLP",
    "size": null,
    "unit_price": 17990,
    "image_url": "https://jumbocl.vteximg.com.br/arquivos/ids/520353-250-250/Loin-Atun-kg.jpg?v=638953642399400000",
    "productUrl": "https://www.jumbo.cl/loin-atun-kg-1932889-kg/p",
    "in_stock": true,
    "promo_text": null,
    "sku": "118169",
    "rating": null,
    "description": null
  },
  {
    "id": "158741",
    "name": "Salmón Ahumado South Wind Laminado 100 g",
    "brand": "South Wind",
    "category": "carnes-y-pescados",
    "price": 5990,
    "price_original": null,
    "currency": "CLP",
    "size": null,
    "unit_price": 59900,
    "image_url": "https://jumbocl.vteximg.com.br/arquivos/ids/521846-250-250/Salmon-Ahumado-congelado-South-Wind-100-g.jpg?v=638959644573900000",
    "productUrl": "https://www.jumbo.cl/salmon-ahum-fri-lamin-s-wind-100-gr-471492/p",
    "in_stock": true,
    "promo_text": null,
    "sku": "158741",
    "rating": null,
    "description": null
  },
  {
    "id": "158755",
    "name": "Lomito de Cerdo Pampaverde 450 g",
    "brand": "Pampa Verde",
    "category": "carnes-y-pescados",
    "price": 6490,
    "price_original": null,
    "currency": "CLP",
    "size": null,
    "unit_price": 14422,
    "image_url": "https://jumbocl.vteximg.com.br/arquivos/ids/524591-250-250/Lomito-de-Cerdo-Pampaverde-450-g.jpg?v=638960672227970000",
    "productUrl": "https://www.jumbo.cl/lomito-de-cerdo-pampaverde-450g-2048757/p",
    "in_stock": true,
    "promo_text": null,
    "sku": "158755",
    "rating": null,
    "description": null
  },
  {
    "id": "158793",
    "name": "Trucha Ahumada en Caliente 200 g",
    "brand": "South Wind",
    "category": "carnes-y-pescados",
    "price": 11990,
    "price_original": null,
    "currency": "CLP",
    "size": null,
    "unit_price": 59950,
    "image_url": "https://jumbocl.vteximg.com.br/arquivos/ids/527254-250-250/TRUCHA-AHUMADA-CALIENTE-REBANADA-200GR.jpg?v=638966693352200000",
    "productUrl": "https://www.jumbo.cl/trucha-ahumada-caliente-rebanada-200gr-2052329/p",
    "in_stock": true,
    "promo_text": null,
    "sku": "158793",
    "rating": null,
    "description": null
  },
  {
    "id": "159936",
    "name": "Carpaccio de Salmón congelado South Wind 100 g",
    "brand": "South Wind",
    "category": "carnes-y-pescados",
    "price": 6090,
    "price_original": null,
    "currency": "CLP",
    "size": null,
    "unit_price": 60900,
    "image_url": "https://jumbocl.vteximg.com.br/arquivos/ids/536449-250-250/Carpaccio-de-Salmon-congelado-South-Wind-100-g.jpg?v=638983811908030000",
    "productUrl": "https://www.jumbo.cl/carpaccio-de-salmon-congelado-south-wind-100-g-1097566/p",
    "in_stock": true,
    "promo_text": null,
    "sku": "159936",
    "rating": null,
    "description": null
  },
  {
    "id": "70756",
    "name": "Filete Super Cerdo Display 900 g",
    "brand": "Super Cerdo",
    "category": "carnes-y-pescados",
    "price": 6790,
    "price_original": 7990,
    "currency": "CLP",
    "size": null,
    "unit_price": 7544,
    "image_url": "https://jumbocl.vteximg.com.br/arquivos/ids/309949-250-250/Filete-de-cerdo-display-900-g.jpg?v=638776390332200000",
    "productUrl": "https://www.jumbo.cl/filete-de-cerdo-super-display-900gr/p",
    "in_stock": true,
    "promo_text": null,
    "sku": "70756",
    "rating": 5,
    "description": null
  },
  {
    "id": "70755",
    "name": "Lomo Centro Cerdo Super Cerdo 800 g",
    "brand": "Super Cerdo",
    "category": "carnes-y-pescados",
    "price": 5990,
    "price_original": 7290,
    "currency": "CLP",
    "size": null,
    "unit_price": 7488,
    "image_url": "https://jumbocl.vteximg.com.br/arquivos/ids/362207-250-250/Lomo-centro-display-800-g.jpg?v=638776741685170000",
    "productUrl": "https://www.jumbo.cl/lomo-centro-cerdo-super-vc-display-800gr/p",
    "in_stock": true,
    "promo_text": null,
    "sku": "70755",
    "rating": 4.5,
    "description": null
  },
  {
    "id": "33627",
    "name": "Pechuga de Pollo Deshuesada Ariztía 700 g",
    "brand": "Ariztía",
    "category": "carnes-y-pescados",
    "price": 6790,
    "price_original": 7790,
    "currency": "CLP",
    "size": null,
    "unit_price": 9700,
    "image_url": "https://jumbocl.vteximg.com.br/arquivos/ids/356379-250-250/Pechuga-deshuesada-de-pollo-700-g.jpg?v=638776712158170000",
    "productUrl": "https://www.jumbo.cl/pechuga-deshuesada-de-pollo-ariztia-700-g/p",
    "in_stock": true,
    "promo_text": null,
    "sku": "33627",
    "rating": 4.5,
    "description": null
  },
  {
    "id": "138521",
    "name": "Camarón Crudo con Cáscara Easy Peel Tamaño Jumbo 16/20 454 g",
    "brand": "Panamei",
    "category": "carnes-y-pescados",
    "price": 9990,
    "price_original": null,
    "currency": "CLP",
    "size": null,
    "unit_price": 22004,
    "image_url": "https://jumbocl.vteximg.com.br/arquivos/ids/330423-250-250/Camaron-Crudo-con-Cascara-Easy-Peel-Panam-16-20-454-g.jpg?v=638776432426100000",
    "productUrl": "https://www.jumbo.cl/cam-cr-c-cas-ez-peel-panam-16-20-454g-1993219/p",
    "in_stock": true,
    "promo_text": null,
    "sku": "138521",
    "rating": null,
    "description": null
  },
  {
    "id": "11502",
    "name": "Malaya Cerdo Super Cerdo 900 g",
    "brand": "Super Cerdo",
    "category": "carnes-y-pescados",
    "price": 11990,
    "price_original": 14290,
    "currency": "CLP",
    "size": null,
    "unit_price": 13322,
    "image_url": "https://jumbocl.vteximg.com.br/arquivos/ids/302373-250-250/Malaya-de-cerdo-sin-marinar-900-g.jpg?v=638776376025930000",
    "productUrl": "https://www.jumbo.cl/malaya-de-cerdo-super-cerdo-900-g/p",
    "in_stock": true,
    "promo_text": null,
    "sku": "11502",
    "rating": 4.9,
    "description": null
  },
  {
    "id": "137331",
    "name": "Camarón Cocido Pelado con Cola Tamaño M 51/60 454 g",
    "brand": "Panamei",
    "category": "carnes-y-pescados",
    "price": 8990,
    "price_original": null,
    "currency": "CLP",
    "size": null,
    "unit_price": 19802,
    "image_url": "https://jumbocl.vteximg.com.br/arquivos/ids/327780-250-250/Camaron-Cocido-Pelado-con-Cola-51-60-454-g.jpg?v=638776430281400000",
    "productUrl": "https://www.jumbo.cl/camaron-coc-pel-c-cola-51-60-454g-1993218/p",
    "in_stock": true,
    "promo_text": null,
    "sku": "137331",
    "rating": null,
    "description": null
  },
  {
    "id": "48183",
    "name": "Lomo Centro Medallon Cerdo Super Cerdo 800 g",
    "brand": "Super Cerdo",
    "category": "carnes-y-pescados",
    "price": 7890,
    "price_original": null,
    "currency": "CLP",
    "size": null,
    "unit_price": 9863,
    "image_url": "https://jumbocl.vteximg.com.br/arquivos/ids/437402-250-250/Lomo-Centro-Medallon-Cerdo-Super-Cerdo-800-g.jpg?v=638831038698400000",
    "productUrl": "https://www.jumbo.cl/lomo-super-cerdo-centro-medallon-800-g/p",
    "in_stock": true,
    "promo_text": null,
    "sku": "48183",
    "rating": 4.9,
    "description": null
  },
  {
    "id": "84989",
    "name": "Trutro Corto Pollo 700 g",
    "brand": "Super Pollo",
    "category": "carnes-y-pescados",
    "price": 4790,
    "price_original": null,
    "currency": "CLP",
    "size": null,
    "unit_price": 6843,
    "image_url": "https://jumbocl.vteximg.com.br/arquivos/ids/365705-250-250/Trutro-corto-pollo-700-g.jpg?v=638776760195200000",
    "productUrl": "https://www.jumbo.cl/trutro-corto-pollo-700-g/p",
    "in_stock": true,
    "promo_text": null,
    "sku": "84989",
    "rating": 5,
    "description": null
  },
  {
    "id": "127689",
    "name": "Lomo Centro Medallon Cerdo Cuisine & Co 700 g",
    "brand": "Cuisine & Co",
    "category": "carnes-y-pescados",
    "price": 6490,
    "price_original": null,
    "currency": "CLP",
    "size": null,
    "unit_price": 9271,
    "image_url": "https://jumbocl.vteximg.com.br/arquivos/ids/393492-250-250/LOMO-MED-C-CO700GR.jpg?v=638776874761570000",
    "productUrl": "https://www.jumbo.cl/lomo-med-c-y-co700gr/p",
    "in_stock": true,
    "promo_text": null,
    "sku": "127689",
    "rating": 4.8,
    "description": null
  },
  {
    "id": "139326",
    "name": "Pulpa Chimichurri Cerdo Super Cerdo 400 g",
    "brand": "Super Cerdo",
    "category": "carnes-y-pescados",
    "price": 3990,
    "price_original": null,
    "currency": "CLP",
    "size": null,
    "unit_price": 9975,
    "image_url": "https://jumbocl.vteximg.com.br/arquivos/ids/331735-250-250/Pulpa-Pierna-Chimichurri-400-g.jpg?v=638776433409970000",
    "productUrl": "https://www.jumbo.cl/pulpa-pierna-chimichurri-s-cerdo-400g-2002686/p",
    "in_stock": true,
    "promo_text": null,
    "sku": "139326",
    "rating": 5,
    "description": null
  },
  {
    "id": "11500",
    "name": "Plateada Lomo Chilena Cerdo Super Cerdo 1 kg",
    "brand": "Super Cerdo",
    "category": "carnes-y-pescados",
    "price": 9890,
    "price_original": null,
    "currency": "CLP",
    "size": null,
    "unit_price": 9890,
    "image_url": "https://jumbocl.vteximg.com.br/arquivos/ids/302295-250-250/Plateada-Super-Cerdo-A-La-Chilena-1-kg.jpg?v=638776375960430000",
    "productUrl": "https://www.jumbo.cl/plateada-a-la-chilena-super-cerdo/p",
    "in_stock": true,
    "promo_text": null,
    "sku": "11500",
    "rating": 5,
    "description": null
  },
  {
    "id": "140356",
    "name": "Chuleta Vetada Cerdo Cuisine & Co 600 g",
    "brand": "Cuisine & Co",
    "category": "carnes-y-pescados",
    "price": 4690,
    "price_original": null,
    "currency": "CLP",
    "size": null,
    "unit_price": 7817,
    "image_url": "https://jumbocl.vteximg.com.br/arquivos/ids/333405-250-250/Chuleta-Vetada-Cuisine---Co-600-g.jpg?v=638776434863070000",
    "productUrl": "https://www.jumbo.cl/chuleta-vetada-cuisine-and-co-600-gr-1996586/p",
    "in_stock": true,
    "promo_text": null,
    "sku": "140356",
    "rating": null,
    "description": null
  },
  {
    "id": "127687",
    "name": "Pulpa Pierna Cerdo Cuisine & Co 700 g",
    "brand": "Cuisine & Co",
    "category": "carnes-y-pescados",
    "price": 4990,
    "price_original": null,
    "currency": "CLP",
    "size": null,
    "unit_price": 7129,
    "image_url": "https://jumbocl.vteximg.com.br/arquivos/ids/393489-250-250/PULPA-TR-C-CO700GR.jpg?v=638776874760470000",
    "productUrl": "https://www.jumbo.cl/pulpa-tr-c-y-co700gr/p",
    "in_stock": true,
    "promo_text": null,
    "sku": "127687",
    "rating": 4,
    "description": null
  },
  {
    "id": "24132",
    "name": "Jurel Filetes Congelado 500 g",
    "brand": "San José",
    "category": "carnes-y-pescados",
    "price": 5990,
    "price_original": null,
    "currency": "CLP",
    "size": null,
    "unit_price": null,
    "image_url": "https://jumbocl.vteximg.com.br/arquivos/ids/354878-250-250/Jurel-en-filetes-500-g.jpg?v=638776704186530000",
    "productUrl": "https://www.jumbo.cl/lomos-de-jurel-san-jose-500-g/p",
    "in_stock": true,
    "promo_text": null,
    "sku": "24132",
    "rating": 4.9,
    "description": null
  },
  {
    "id": "42271",
    "name": "Salmón Ahumado En Caliente 200 g",
    "brand": "South Wind",
    "category": "carnes-y-pescados",
    "price": 8890,
    "price_original": null,
    "currency": "CLP",
    "size": null,
    "unit_price": 44450,
    "image_url": "https://jumbocl.vteximg.com.br/arquivos/ids/307333-250-250/Salmon-Ahumado-South-Wind-En-Caliente-200-g.jpg?v=638776384437830000",
    "productUrl": "https://www.jumbo.cl/salmon-ahumado-en-caliente-south-wind-200-g/p",
    "in_stock": true,
    "promo_text": null,
    "sku": "42271",
    "rating": null,
    "description": null
  },
  {
    "id": "42270",
    "name": "Salmón Ahumado en Frío 150 g",
    "brand": "South Wind",
    "category": "carnes-y-pescados",
    "price": 8890,
    "price_original": null,
    "currency": "CLP",
    "size": null,
    "unit_price": 59267,
    "image_url": "https://jumbocl.vteximg.com.br/arquivos/ids/486224-250-250/Salmon-Ahumado-en-Frio-150-g.jpg?v=638894121042030000",
    "productUrl": "https://www.jumbo.cl/salmon-ahumado-south-wind-150-g/p",
    "in_stock": true,
    "promo_text": null,
    "sku": "42270",
    "rating": null,
    "description": null
  },
  {
    "id": "160334",
    "name": "Medallones Filete de Cerdo 400 g",
    "brand": "Super Cerdo",
    "category": "carnes-y-pescados",
    "price": 3890,
    "price_original": null,
    "currency": "CLP",
    "size": null,
    "unit_price": 9725,
    "image_url": "https://jumbocl.vteximg.com.br/arquivos/ids/542304-250-250/Carne-de-Cerdo-Filete-Medallon-Super-Cerdo-400-g.jpg?v=638991189246900000",
    "productUrl": "https://www.jumbo.cl/carne-cerdo-filete-2056658/p",
    "in_stock": true,
    "promo_text": null,
    "sku": "160334",
    "rating": null,
    "description": null
  },
  {
    "id": "137327",
    "name": "Malaya Cerdo Cuisine & Co 400 g",
    "brand": "Cuisine & Co",
    "category": "carnes-y-pescados",
    "price": 6190,
    "price_original": null,
    "currency": "CLP",
    "size": null,
    "unit_price": 15475,
    "image_url": "https://jumbocl.vteximg.com.br/arquivos/ids/327623-250-250/Malaya-de-Cerdo-Cuisine---Co-400-g.jpg?v=638776430165330000",
    "productUrl": "https://www.jumbo.cl/malaya-de-cerdo-cuisine-and-co-400-gr-1995097/p",
    "in_stock": true,
    "promo_text": null,
    "sku": "137327",
    "rating": null,
    "description": null
  },
  {
    "id": "127684",
    "name": "Filete Cerdo Cuisine & Co 500 g",
    "brand": "Cuisine & Co",
    "category": "carnes-y-pescados",
    "price": 4390,
    "price_original": null,
    "currency": "CLP",
    "size": null,
    "unit_price": 8780,
    "image_url": "https://jumbocl.vteximg.com.br/arquivos/ids/393485-250-250/FILETE-C-CO-500-GR.jpg?v=638776874740770000",
    "productUrl": "https://www.jumbo.cl/filete-c-y-co-500-gr/p",
    "in_stock": true,
    "promo_text": null,
    "sku": "127684",
    "rating": 5,
    "description": null
  },
  {
    "id": "127677",
    "name": "Baby Back Ribs Cuisine & Co kg",
    "brand": "Cuisine & Co",
    "category": "carnes-y-pescados",
    "price": 11990,
    "price_original": null,
    "currency": "CLP",
    "size": null,
    "unit_price": 11990,
    "image_url": "https://jumbocl.vteximg.com.br/arquivos/ids/393475-250-250/Baby-Back-Ribs-Cuisine---Co-kg.jpg?v=638776874704970000",
    "productUrl": "https://www.jumbo.cl/baby-back-ribs-cuisine-and-co-kg-1961129-kg/p",
    "in_stock": true,
    "promo_text": null,
    "sku": "127677",
    "rating": null,
    "description": null
  },
  {
    "id": "140459",
    "name": "Tomahawk Cerdo Cuisine & Co kg",
    "brand": "Cuisine & Co",
    "category": "carnes-y-pescados",
    "price": 9093,
    "price_original": null,
    "currency": "CLP",
    "size": null,
    "unit_price": 12990,
    "image_url": "https://jumbocl.vteximg.com.br/arquivos/ids/333458-250-250/TOMAHAWK-DE-CERDO-CUISINE-CO-KG.jpg?v=638776434915300000",
    "productUrl": "https://www.jumbo.cl/tomahawk-de-cerdo-cuisine-y-co-kg/p",
    "in_stock": true,
    "promo_text": null,
    "sku": "140459",
    "rating": 5,
    "description": null
  },
  {
    "id": "145411",
    "name": "Filete Cerdo Super Cerdo kg",
    "brand": "Super Cerdo",
    "category": "carnes-y-pescados",
    "price": 8690,
    "price_original": null,
    "currency": "CLP",
    "size": null,
    "unit_price": 8690,
    "image_url": "https://jumbocl.vteximg.com.br/arquivos/ids/343491-250-250/FILETE-FRESCO-SUPER-CERDO.jpg?v=638776442908830000",
    "productUrl": "https://www.jumbo.cl/filete-fresco-super-cerdo-2020672-kg/p",
    "in_stock": true,
    "promo_text": null,
    "sku": "145411",
    "rating": null,
    "description": null
  },
  {
    "id": "90801",
    "name": "Choritos Sin Concha Congelados 300 g",
    "brand": "Cuisine & Co",
    "category": "carnes-y-pescados",
    "price": 2990,
    "price_original": null,
    "currency": "CLP",
    "size": null,
    "unit_price": 9967,
    "image_url": "https://jumbocl.vteximg.com.br/arquivos/ids/367436-250-250/Choritos-sin-concha-300-g.jpg?v=638776767938830000",
    "productUrl": "https://www.jumbo.cl/choritos-sin-concha-300-g-cuisine-and-co-1839863/p",
    "in_stock": true,
    "promo_text": null,
    "sku": "90801",
    "rating": 4.9,
    "description": null
  },
  {
    "id": "118867",
    "name": "Contre de Pollo Ariztía 480 g",
    "brand": "Ariztía",
    "category": "carnes-y-pescados",
    "price": 2190,
    "price_original": null,
    "currency": "CLP",
    "size": null,
    "unit_price": 4563,
    "image_url": "https://jumbocl.vteximg.com.br/arquivos/ids/384117-250-250/CONTRE-DE-POLLO-ARIZTIA-480G.jpg?v=638776838703370000",
    "productUrl": "https://www.jumbo.cl/contre-de-pollo-ariztia-480g-1938618/p",
    "in_stock": true,
    "promo_text": null,
    "sku": "118867",
    "rating": 4.5,
    "description": null
  },
  {
    "id": "143280",
    "name": "Filetitos de Pollo Super Pollo 530 g",
    "brand": "Agrosuper",
    "category": "carnes-y-pescados",
    "price": 4890,
    "price_original": null,
    "currency": "CLP",
    "size": null,
    "unit_price": 9226,
    "image_url": "https://jumbocl.vteximg.com.br/arquivos/ids/338623-250-250/Filete-de-Pollo-Super-Pollo-530-g-12-un.jpg?v=638776439460370000",
    "productUrl": "https://www.jumbo.cl/filete-de-pollo-super-pollo-530-gr-x12-2007915/p",
    "in_stock": true,
    "promo_text": null,
    "sku": "143280",
    "rating": null,
    "description": null
  },
  {
    "id": "139329",
    "name": "Baby Back Ribs Acaramelado Super Cerdo kg",
    "brand": "Super Cerdo",
    "category": "carnes-y-pescados",
    "price": 12990,
    "price_original": null,
    "currency": "CLP",
    "size": null,
    "unit_price": 12990,
    "image_url": "https://jumbocl.vteximg.com.br/arquivos/ids/331818-250-250/Baby-Back-Ribs-Sabor-Americano-Acaramelado-kg.jpg?v=638776433493330000",
    "productUrl": "https://www.jumbo.cl/baby-back-ribs-acaramelado-super-kg-1998596-kg/p",
    "in_stock": true,
    "promo_text": null,
    "sku": "139329",
    "rating": 5,
    "description": null
  },
  {
    "id": "143283",
    "name": "Corazón de Pollo 500 g",
    "brand": "Agrosuper",
    "category": "carnes-y-pescados",
    "price": 2290,
    "price_original": null,
    "currency": "CLP",
    "size": null,
    "unit_price": null,
    "image_url": "https://jumbocl.vteximg.com.br/arquivos/ids/338806-250-250/Corazon-de-Pollo-500-g.jpg?v=638776439565430000",
    "productUrl": "https://www.jumbo.cl/corazon-500gr-super-pollo-x12-2007917/p",
    "in_stock": true,
    "promo_text": null,
    "sku": "143283",
    "rating": null,
    "description": null
  },
  {
    "id": "940",
    "name": "Punta de Ganso Premium A Punto Al Vacío kg",
    "brand": "A Punto",
    "category": "carnes-y-pescados",
    "price": 33586,
    "price_original": null,
    "currency": "CLP",
    "size": null,
    "unit_price": 23990,
    "image_url": "https://jumbocl.vteximg.com.br/arquivos/ids/298290-250-250/Punta-de-Ganso-Premium-A-Punto-Al-Vacio-kg.jpg?v=638775750582970000",
    "productUrl": "https://www.jumbo.cl/punta-de-ganso-angusa-punto-25-kg-aprox/p",
    "in_stock": true,
    "promo_text": null,
    "sku": "940",
    "rating": null,
    "description": null
  },
  {
    "id": "10470",
    "name": "Filetes de Anchoas En Aceite de Oliva 140 g",
    "brand": "Aqua Austral",
    "category": "carnes-y-pescados",
    "price": 5290,
    "price_original": null,
    "currency": "CLP",
    "size": null,
    "unit_price": 37786,
    "image_url": "https://jumbocl.vteximg.com.br/arquivos/ids/350558-250-250/Principal-73.jpg?v=638776681596130000",
    "productUrl": "https://www.jumbo.cl/filetes-de-anchoas-en-aceite-de-ol/p",
    "in_stock": true,
    "promo_text": null,
    "sku": "10470",
    "rating": 5,
    "description": null
  },
  {
    "id": "10464",
    "name": "Camarones Cocidos y Pelados Mar Verde 200 g",
    "brand": "Mar Verde",
    "category": "carnes-y-pescados",
    "price": 4790,
    "price_original": null,
    "currency": "CLP",
    "size": null,
    "unit_price": 23950,
    "image_url": "https://jumbocl.vteximg.com.br/arquivos/ids/350550-250-250/Principal-11213.jpg?v=638776681535970000",
    "productUrl": "https://www.jumbo.cl/camaron-nacional-mar-verde-sa-200-g-200300-cocidos/p",
    "in_stock": true,
    "promo_text": null,
    "sku": "10464",
    "rating": 5,
    "description": null
  },
  {
    "id": "11445",
    "name": "Trutros Largos de Pollo Congelado kg",
    "brand": "Quirch Foods",
    "category": "carnes-y-pescados",
    "price": 10479,
    "price_original": null,
    "currency": "CLP",
    "size": null,
    "unit_price": 4990,
    "image_url": "https://jumbocl.vteximg.com.br/arquivos/ids/350903-250-250/Trutro-largo-de-pollo-congelado-kg.jpg?v=638776683194330000",
    "productUrl": "https://www.jumbo.cl/trutro-largo-de-pollo-congelado-kikiriquirch/p",
    "in_stock": true,
    "promo_text": null,
    "sku": "11445",
    "rating": 4.7,
    "description": null
  },
  {
    "id": "11447",
    "name": "Filete de Pavo Sopraval 700 g",
    "brand": "Sopraval",
    "category": "carnes-y-pescados",
    "price": 6890,
    "price_original": null,
    "currency": "CLP",
    "size": null,
    "unit_price": 9843,
    "image_url": "https://jumbocl.vteximg.com.br/arquivos/ids/350895-250-250/Filete-de-Pavo-Sopraval-700-g.jpg?v=638776683176430000",
    "productUrl": "https://www.jumbo.cl/filete-de-pavo-sopraval-700-g/p",
    "in_stock": true,
    "promo_text": null,
    "sku": "11447",
    "rating": 5,
    "description": null
  },
  {
    "id": "11474",
    "name": "Entraña Al Vacío kg",
    "brand": "Carnicería Propia",
    "category": "carnes-y-pescados",
    "price": 18990,
    "price_original": null,
    "currency": "CLP",
    "size": null,
    "unit_price": 18990,
    "image_url": "https://jumbocl.vteximg.com.br/arquivos/ids/302807-250-250/Entra%C3%B1a-Al-Vacio-kg.jpg?v=638827736912200000",
    "productUrl": "https://www.jumbo.cl/entranas-cat-v-2/p",
    "in_stock": true,
    "promo_text": null,
    "sku": "11474",
    "rating": 5,
    "description": null
  },
  {
    "id": "17864",
    "name": "Lomo Liso Premium Pampa Verde Al Vacío kg",
    "brand": "Pampa Verde",
    "category": "carnes-y-pescados",
    "price": 31187,
    "price_original": null,
    "currency": "CLP",
    "size": null,
    "unit_price": 23990,
    "image_url": "https://jumbocl.vteximg.com.br/arquivos/ids/303883-250-250/Lomo-Liso-Premium-Pampa-Verde-Al-Vacio-kg.jpg?v=638776378317930000",
    "productUrl": "https://www.jumbo.cl/lomo-liso-pampa-verde-granel/p",
    "in_stock": true,
    "promo_text": null,
    "sku": "17864",
    "rating": 4,
    "description": null
  },
  {
    "id": "17919",
    "name": "Asiento Cerdo Super Cerdo 900 g",
    "brand": "Super Cerdo",
    "category": "carnes-y-pescados",
    "price": 7690,
    "price_original": null,
    "currency": "CLP",
    "size": null,
    "unit_price": 8544,
    "image_url": "https://jumbocl.vteximg.com.br/arquivos/ids/352688-250-250/Asiento-900-g.jpg?v=638776694009330000",
    "productUrl": "https://www.jumbo.cl/asiento-super-cerdo-900-g/p",
    "in_stock": true,
    "promo_text": null,
    "sku": "17919",
    "rating": 4.9,
    "description": null
  },
  {
    "id": "17918",
    "name": "Posta Negra Cerdo Super Cerdo 900 g",
    "brand": "Super Cerdo",
    "category": "carnes-y-pescados",
    "price": 6990,
    "price_original": null,
    "currency": "CLP",
    "size": null,
    "unit_price": 7767,
    "image_url": "https://jumbocl.vteximg.com.br/arquivos/ids/352672-250-250/Posta-Negra-900-g.jpg?v=638776693941800000",
    "productUrl": "https://www.jumbo.cl/posta-negra-super-cerdo-900-g/p",
    "in_stock": true,
    "promo_text": null,
    "sku": "17918",
    "rating": 4.5,
    "description": null
  },
  {
    "id": "24254",
    "name": "Trutro Largo de Pollo kg",
    "brand": "Quirch Foods",
    "category": "carnes-y-pescados",
    "price": 5190,
    "price_original": null,
    "currency": "CLP",
    "size": null,
    "unit_price": 5190,
    "image_url": "https://jumbocl.vteximg.com.br/arquivos/ids/354931-250-250/Trutro-largo-de-pollo-kg.jpg?v=638776704439200000",
    "productUrl": "https://www.jumbo.cl/trutro-largo-de-pollo-kikiriquirch-granel/p",
    "in_stock": true,
    "promo_text": null,
    "sku": "24254",
    "rating": 4.4,
    "description": null
  },
  {
    "id": "24294",
    "name": "Filete de Pavo Sopraval Finas Hierbas 700 g",
    "brand": "Sopraval",
    "category": "carnes-y-pescados",
    "price": 6890,
    "price_original": null,
    "currency": "CLP",
    "size": null,
    "unit_price": 9843,
    "image_url": "https://jumbocl.vteximg.com.br/arquivos/ids/354943-250-250/Filete-de-pavo-finas-hierbas-Sopraval-700-g.jpg?v=638776704503500000",
    "productUrl": "https://www.jumbo.cl/filete-de-pavo-finas-hierbas-sopraval-700-g/p",
    "in_stock": true,
    "promo_text": null,
    "sku": "24294",
    "rating": 4.5,
    "description": null
  },
  {
    "id": "24215",
    "name": "Trutro Corto de Pollo Congelado kg",
    "brand": "Quirch Foods",
    "category": "carnes-y-pescados",
    "price": 5290,
    "price_original": null,
    "currency": "CLP",
    "size": null,
    "unit_price": 5290,
    "image_url": "https://jumbocl.vteximg.com.br/arquivos/ids/354892-250-250/Trutro-corto-de-pollo-Quirch-congelado-kg.jpg?v=638776704272370000",
    "productUrl": "https://www.jumbo.cl/trutro-corto-kikiriquirch-granel/p",
    "in_stock": true,
    "promo_text": null,
    "sku": "24215",
    "rating": 5,
    "description": null
  },
  {
    "id": "28871",
    "name": "Congrio Dorado Entero Fresco kg",
    "brand": "Pescadería Jumbo",
    "category": "carnes-y-pescados",
    "price": 20980,
    "price_original": null,
    "currency": "CLP",
    "size": null,
    "unit_price": 10490,
    "image_url": "https://jumbocl.vteximg.com.br/arquivos/ids/306642-250-250/Congrio-Dorado-Entero-Fresco-kg.jpg?v=638776382851100000",
    "productUrl": "https://www.jumbo.cl/congrio-doroado-entero-jumbo-granel/p",
    "in_stock": true,
    "promo_text": null,
    "sku": "28871",
    "rating": 5,
    "description": null
  },
  {
    "id": "29010",
    "name": "Pejerrey Entero Fresco kg",
    "brand": "Pescadería Jumbo",
    "category": "carnes-y-pescados",
    "price": 998,
    "price_original": null,
    "currency": "CLP",
    "size": null,
    "unit_price": 4990,
    "image_url": "https://jumbocl.vteximg.com.br/arquivos/ids/306562-250-250/Pejerrey-Entero-Fresco-kg.jpg?v=638776382565800000",
    "productUrl": "https://www.jumbo.cl/pejerrey-entero-jumbo-granel/p",
    "in_stock": true,
    "promo_text": null,
    "sku": "29010",
    "rating": null,
    "description": null
  },
  {
    "id": "29011",
    "name": "Reineta Entera Fresca 700 g",
    "brand": "Pescadería Jumbo",
    "category": "carnes-y-pescados",
    "price": 6293,
    "price_original": null,
    "currency": "CLP",
    "size": null,
    "unit_price": 8990,
    "image_url": "https://jumbocl.vteximg.com.br/arquivos/ids/306580-250-250/Reineta-Entera-Fresca-700-g.jpg?v=638776382601930000",
    "productUrl": "https://www.jumbo.cl/reineta-entera-jumbo-granel/p",
    "in_stock": true,
    "promo_text": null,
    "sku": "29011",
    "rating": 5,
    "description": null
  },
  {
    "id": "29002",
    "name": "Congrio Negro Entero Fresco kg",
    "brand": "Pescadería Jumbo",
    "category": "carnes-y-pescados",
    "price": 7192,
    "price_original": null,
    "currency": "CLP",
    "size": null,
    "unit_price": 8990,
    "image_url": "https://jumbocl.vteximg.com.br/arquivos/ids/306677-250-250/Congrio-Negro-Entero-Fresco-kg.jpg?v=638776382924500000",
    "productUrl": "https://www.jumbo.cl/congrio-negro-entero-jumbo-granel/p",
    "in_stock": true,
    "promo_text": null,
    "sku": "29002",
    "rating": null,
    "description": null
  },
  {
    "id": "29001",
    "name": "Congrio Colorado Entero Fresco kg",
    "brand": "Pescadería Jumbo",
    "category": "carnes-y-pescados",
    "price": 8472,
    "price_original": null,
    "currency": "CLP",
    "size": null,
    "unit_price": 10590,
    "image_url": "https://jumbocl.vteximg.com.br/arquivos/ids/306661-250-250/Congrio-Colorado-Entero-Fresco-kg.jpg?v=638776382891900000",
    "productUrl": "https://www.jumbo.cl/congrio-colorado-entero-jumbo-granel/p",
    "in_stock": true,
    "promo_text": null,
    "sku": "29001",
    "rating": null,
    "description": null
  },
  {
    "id": "29012",
    "name": "Robalo Entero Fresco kg",
    "brand": "Pescadería Jumbo",
    "category": "carnes-y-pescados",
    "price": 3795,
    "price_original": null,
    "currency": "CLP",
    "size": null,
    "unit_price": 7590,
    "image_url": "https://jumbocl.vteximg.com.br/arquivos/ids/355654-250-250/Robalo-entero-fresco-kg.jpg?v=638776708264400000",
    "productUrl": "https://www.jumbo.cl/robalo-entero-jumbo-granel/p",
    "in_stock": true,
    "promo_text": null,
    "sku": "29012",
    "rating": null,
    "description": null
  },
  {
    "id": "29013",
    "name": "Salmón Entero Fresco kg",
    "brand": "Pescadería Jumbo",
    "category": "carnes-y-pescados",
    "price": 40470,
    "price_original": null,
    "currency": "CLP",
    "size": null,
    "unit_price": 13490,
    "image_url": "https://jumbocl.vteximg.com.br/arquivos/ids/306599-250-250/Salmon-Entero-Fresco-kg.jpg?v=638776382667930000",
    "productUrl": "https://www.jumbo.cl/salmon-entero-jumbo-granel/p",
    "in_stock": true,
    "promo_text": null,
    "sku": "29013",
    "rating": 5,
    "description": null
  },
  {
    "id": "29719",
    "name": "Merluza Austral Entera Fresca kg",
    "brand": "Pescadería Jumbo",
    "category": "carnes-y-pescados",
    "price": 17980,
    "price_original": null,
    "currency": "CLP",
    "size": null,
    "unit_price": 8990,
    "image_url": "https://jumbocl.vteximg.com.br/arquivos/ids/306611-250-250/Merluza-Austral-Entera-Fresca-kg.jpg?v=638776382727900000",
    "productUrl": "https://www.jumbo.cl/merlusa-austral-entera-jumbo-granel/p",
    "in_stock": true,
    "promo_text": null,
    "sku": "29719",
    "rating": null,
    "description": null
  },
  {
    "id": "43331",
    "name": "Lomo Vetado Cerdo Super Cerdo kg",
    "brand": "Super Cerdo",
    "category": "carnes-y-pescados",
    "price": 14535,
    "price_original": null,
    "currency": "CLP",
    "size": null,
    "unit_price": 9690,
    "image_url": "https://jumbocl.vteximg.com.br/arquivos/ids/307376-250-250/Lomo-Vetado-Super-Cerdo-kg.jpg?v=638776384552730000",
    "productUrl": "https://www.jumbo.cl/lomo-vetado-super-cerdo-granel-2/p",
    "in_stock": true,
    "promo_text": null,
    "sku": "43331",
    "rating": 5,
    "description": null
  },
  {
    "id": "43305",
    "name": "Punta Picana Orgánico Al Vacío kg",
    "brand": "Orgánico",
    "category": "carnes-y-pescados",
    "price": 20889,
    "price_original": null,
    "currency": "CLP",
    "size": null,
    "unit_price": 18990,
    "image_url": "https://jumbocl.vteximg.com.br/arquivos/ids/307612-250-250/Punta-Picana-Organico-Al-Vacio-kg.jpg?v=638776385062500000",
    "productUrl": "https://www.jumbo.cl/punta-picana-organica-marfrig-cat-v-granel/p",
    "in_stock": true,
    "promo_text": null,
    "sku": "43305",
    "rating": 5,
    "description": null
  },
  {
    "id": "57296",
    "name": "Pechuga de Pollo DeshuesadaQuirch Foods, Congelada, kg",
    "brand": "Quirch Foods",
    "category": "carnes-y-pescados",
    "price": 14028,
    "price_original": null,
    "currency": "CLP",
    "size": null,
    "unit_price": 11690,
    "image_url": "https://jumbocl.vteximg.com.br/arquivos/ids/360184-250-250/Pechuga-deshuesada-de-pollo-Quirch-Foods-congelada-kg.jpg?v=638776731518970000",
    "productUrl": "https://www.jumbo.cl/pechuga-desh-pollo-cong-quirch-kg/p",
    "in_stock": true,
    "promo_text": null,
    "sku": "57296",
    "rating": null,
    "description": null
  },
  {
    "id": "80193",
    "name": "Tapapecho Premium Orgánico Al Vacío kg",
    "brand": "Orgánico",
    "category": "carnes-y-pescados",
    "price": 12588,
    "price_original": null,
    "currency": "CLP",
    "size": null,
    "unit_price": 10490,
    "image_url": "https://jumbocl.vteximg.com.br/arquivos/ids/310853-250-250/Tapapecho-Premium-Organico-Al-Vacio-kg.jpg?v=638776392395500000",
    "productUrl": "https://www.jumbo.cl/tapapecho-v-porc-organico-kg-2/p",
    "in_stock": true,
    "promo_text": null,
    "sku": "80193",
    "rating": null,
    "description": null
  },
  {
    "id": "80208",
    "name": "Asado de Tira Criollo Premium A Punto Al Vacío kg",
    "brand": "A Punto",
    "category": "carnes-y-pescados",
    "price": 35184,
    "price_original": null,
    "currency": "CLP",
    "size": null,
    "unit_price": 21990,
    "image_url": "https://jumbocl.vteximg.com.br/arquivos/ids/311007-250-250/Asado-de-Tira-Criollo-Premium-A-Punto-Al-Vacio-kg.jpg?v=638776392750270000",
    "productUrl": "https://www.jumbo.cl/asado-de-tira-criollo-cat-v/p",
    "in_stock": true,
    "promo_text": null,
    "sku": "80208",
    "rating": null,
    "description": null
  },
  {
    "id": "80210",
    "name": "Punta Paleta Premium A Punto Al Vacío kg",
    "brand": "A Punto",
    "category": "carnes-y-pescados",
    "price": 25987,
    "price_original": null,
    "currency": "CLP",
    "size": null,
    "unit_price": 19990,
    "image_url": "https://jumbocl.vteximg.com.br/arquivos/ids/311053-250-250/Punta-Paleta-Premium-A-Punto-Al-Vacio-kg.jpg?v=638776392834270000",
    "productUrl": "https://www.jumbo.cl/punta-paleta-cat-v-21/p",
    "in_stock": true,
    "promo_text": null,
    "sku": "80210",
    "rating": 5,
    "description": null
  },
  {
    "id": "87860",
    "name": "Lasaña de Jaiba Camarón 900 g",
    "brand": "Bocatti",
    "category": "carnes-y-pescados",
    "price": 17990,
    "price_original": null,
    "currency": "CLP",
    "size": null,
    "unit_price": 19989,
    "image_url": "https://jumbocl.vteximg.com.br/arquivos/ids/366237-250-250/Lasa%C3%B1a-jaiba-camaron-900-g-1-185488872.jpg?v=638776762622300000",
    "productUrl": "https://www.jumbo.cl/lasana-jaiba-camaron-900-g/p",
    "in_stock": true,
    "promo_text": null,
    "sku": "87860",
    "rating": 1,
    "description": null
  },
  {
    "id": "88322",
    "name": "Asado de Tira Premium Camposorno Al Vacío kg",
    "brand": "Camposorno",
    "category": "carnes-y-pescados",
    "price": 50577,
    "price_original": null,
    "currency": "CLP",
    "size": null,
    "unit_price": 21990,
    "image_url": "https://jumbocl.vteximg.com.br/arquivos/ids/311867-250-250/Asado-de-Tira-Premium-Camposorno-Al-Vacio-kg.jpg?v=638776394851530000",
    "productUrl": "https://www.jumbo.cl/asado-de-tira-premium-kg/p",
    "in_stock": true,
    "promo_text": null,
    "sku": "88322",
    "rating": null,
    "description": null
  },
  {
    "id": "90635",
    "name": "Churrasco Posta Negra Mesón kg",
    "brand": "Carnicería Propia",
    "category": "carnes-y-pescados",
    "price": 7346,
    "price_original": null,
    "currency": "CLP",
    "size": null,
    "unit_price": 20990,
    "image_url": "https://jumbocl.vteximg.com.br/arquivos/ids/367413-250-250/Churrasco-posta-negra-meson-350-g-aprox.jpg?v=638776767852700000",
    "productUrl": "https://www.jumbo.cl/churrasco-posta-negra-meson-350-g-aprox/p",
    "in_stock": true,
    "promo_text": null,
    "sku": "90635",
    "rating": 4.6,
    "description": null
  },
  {
    "id": "90636",
    "name": "Escalopa Posta Negra Mesón kg",
    "brand": "Carnicería Propia",
    "category": "carnes-y-pescados",
    "price": 8396,
    "price_original": null,
    "currency": "CLP",
    "size": null,
    "unit_price": 20990,
    "image_url": "https://jumbocl.vteximg.com.br/arquivos/ids/367414-250-250/Escalopa-posta-negra-meson-400-g-aprox.jpg?v=638776767852700000",
    "productUrl": "https://www.jumbo.cl/escalopa-posta-negra-meson-400-g-aprox/p",
    "in_stock": true,
    "promo_text": null,
    "sku": "90636",
    "rating": 4.6,
    "description": null
  },
  {
    "id": "90637",
    "name": "Lomo Liso Desgrasado Mesón kg",
    "brand": "Carnicería Propia",
    "category": "carnes-y-pescados",
    "price": 36387,
    "price_original": null,
    "currency": "CLP",
    "size": null,
    "unit_price": 27990,
    "image_url": "https://jumbocl.vteximg.com.br/arquivos/ids/312196-250-250/Lomo-Liso-Desgrasado-kg.jpg?v=638776395917630000",
    "productUrl": "https://www.jumbo.cl/lomo-liso-desgrasado-meson-700-g-aprox/p",
    "in_stock": true,
    "promo_text": null,
    "sku": "90637",
    "rating": 5,
    "description": null
  },
  {
    "id": "90375",
    "name": "Asiento Desgrasado Mesón kg",
    "brand": "Carnicería Propia",
    "category": "carnes-y-pescados",
    "price": 16093,
    "price_original": null,
    "currency": "CLP",
    "size": null,
    "unit_price": 22990,
    "image_url": "https://jumbocl.vteximg.com.br/arquivos/ids/312068-250-250/Asiento-Desgrasado-kg.jpg?v=638776395502700000",
    "productUrl": "https://www.jumbo.cl/asiento-desgrasado-meson-700-g-aprox/p",
    "in_stock": true,
    "promo_text": null,
    "sku": "90375",
    "rating": 4.6,
    "description": null
  },
  {
    "id": "92308",
    "name": "Bandeja Ostras Corrientes 20 un.",
    "brand": "Pescadería Jumbo",
    "category": "carnes-y-pescados",
    "price": 8990,
    "price_original": null,
    "currency": "CLP",
    "size": null,
    "unit_price": null,
    "image_url": "https://jumbocl.vteximg.com.br/arquivos/ids/367761-250-250/Bandeja-ostras-corrientes-24-un.jpg?v=638776769352670000",
    "productUrl": "https://www.jumbo.cl/ostras-corrientes-un/p",
    "in_stock": true,
    "promo_text": null,
    "sku": "92308",
    "rating": 3.7,
    "description": null
  },
  {
    "id": "90968",
    "name": "Posta Negra Desgrasada Mesón kg",
    "brand": "Carnicería Propia",
    "category": "carnes-y-pescados",
    "price": 15743,
    "price_original": null,
    "currency": "CLP",
    "size": null,
    "unit_price": 20990,
    "image_url": "https://jumbocl.vteximg.com.br/arquivos/ids/312104-250-250/1844026-KG-01_89853.jpg?v=638776395626200000",
    "productUrl": "https://www.jumbo.cl/posta-negra-desgrasada-meson-750-g-aprox/p",
    "in_stock": true,
    "promo_text": null,
    "sku": "90968",
    "rating": 4.6,
    "description": null
  },
  {
    "id": "96771",
    "name": "Lisa Entera Fresca kg",
    "brand": "Pescadería Jumbo",
    "category": "carnes-y-pescados",
    "price": 3995,
    "price_original": null,
    "currency": "CLP",
    "size": null,
    "unit_price": 7990,
    "image_url": "https://jumbocl.vteximg.com.br/arquivos/ids/369486-250-250/Lisa-entera-fresca-kg.jpg?v=638776777589130000",
    "productUrl": "https://www.jumbo.cl/lisa-entera-fresca-kg/p",
    "in_stock": true,
    "promo_text": null,
    "sku": "96771",
    "rating": null,
    "description": null
  },
  {
    "id": "96772",
    "name": "Jurel Entero Fresco kg",
    "brand": "Pescadería Jumbo",
    "category": "carnes-y-pescados",
    "price": 2754,
    "price_original": null,
    "currency": "CLP",
    "size": null,
    "unit_price": 4590,
    "image_url": "https://jumbocl.vteximg.com.br/arquivos/ids/430023-250-250/Jurel-Entero-Fresco-kg.jpg?v=638814668566570000",
    "productUrl": "https://www.jumbo.cl/jurel-entero-kg/p",
    "in_stock": true,
    "promo_text": null,
    "sku": "96772",
    "rating": null,
    "description": null
  },
  {
    "id": "98057",
    "name": "Machas Media Concha Congeladas 220 g 14 un.",
    "brand": "Cuisine & Co",
    "category": "carnes-y-pescados",
    "price": 12690,
    "price_original": null,
    "currency": "CLP",
    "size": null,
    "unit_price": null,
    "image_url": "https://jumbocl.vteximg.com.br/arquivos/ids/370229-250-250/Machas-media-concha-congeladas-20-un.jpg?v=638776781269300000",
    "productUrl": "https://www.jumbo.cl/machas-media-concha-congelados-20-uni-1861049/p",
    "in_stock": true,
    "promo_text": null,
    "sku": "98057",
    "rating": 1.3,
    "description": null
  },
  {
    "id": "108710",
    "name": "Costillar Cerdo Americano St Louis Congelado kg",
    "brand": "St Louis",
    "category": "carnes-y-pescados",
    "price": 7490,
    "price_original": null,
    "currency": "CLP",
    "size": null,
    "unit_price": 7490,
    "image_url": "https://jumbocl.vteximg.com.br/arquivos/ids/376968-250-250/Costillas-americano-congelado-kg.jpg?v=638776809799100000",
    "productUrl": "https://www.jumbo.cl/costillar-st-louis-americano-cong-kg-1898263-kg/p",
    "in_stock": true,
    "promo_text": null,
    "sku": "108710",
    "rating": 5,
    "description": null
  },
  {
    "id": "115891",
    "name": "Entrecot de Cordero Congelado Minerva 1 kg",
    "brand": "Marfrig",
    "category": "carnes-y-pescados",
    "price": 14990,
    "price_original": null,
    "currency": "CLP",
    "size": null,
    "unit_price": 14990,
    "image_url": "https://jumbocl.vteximg.com.br/arquivos/ids/381797-250-250/ENTRECOT-DE-CORDERO-CONG-MARFRIG-KG.jpg?v=638776828527730000",
    "productUrl": "https://www.jumbo.cl/entrecot-de-cordero-cong-marfrig-kg-1934135/p",
    "in_stock": true,
    "promo_text": null,
    "sku": "115891",
    "rating": 5,
    "description": null
  },
  {
    "id": "120817",
    "name": "Filete de Salmón Ahumado South Wind kg",
    "brand": "South Wind",
    "category": "carnes-y-pescados",
    "price": 24995,
    "price_original": null,
    "currency": "CLP",
    "size": null,
    "unit_price": 49990,
    "image_url": "https://jumbocl.vteximg.com.br/arquivos/ids/385887-250-250/FILETE-SALMON-AHUMADO--FRI--KG.jpg?v=638776846287370000",
    "productUrl": "https://www.jumbo.cl/filete-salmon-ahumado-fri-kg-1947539-kg/p",
    "in_stock": true,
    "promo_text": null,
    "sku": "120817",
    "rating": null,
    "description": null
  },
  {
    "id": "122357",
    "name": "Punta Paleta Premium Camposorno Al Vacío kg",
    "brand": "Camposorno",
    "category": "carnes-y-pescados",
    "price": 27986,
    "price_original": null,
    "currency": "CLP",
    "size": null,
    "unit_price": 19990,
    "image_url": "https://jumbocl.vteximg.com.br/arquivos/ids/317838-250-250/Tapabarriga-Premium-Camposorno-Al-Vacio-kg.jpg?v=638776413305070000",
    "productUrl": "https://www.jumbo.cl/pta-de-paleta-flat-iron-v-camposorno-nkg-1952271-kg/p",
    "in_stock": true,
    "promo_text": null,
    "sku": "122357",
    "rating": null,
    "description": null
  },
  {
    "id": "123386",
    "name": "Trucha Ahumada En Caliente 200 g",
    "brand": "Cuisine & Co",
    "category": "carnes-y-pescados",
    "price": 8590,
    "price_original": null,
    "currency": "CLP",
    "size": null,
    "unit_price": 42950,
    "image_url": "https://jumbocl.vteximg.com.br/arquivos/ids/388809-250-250/TRUCHA-AHUM-EN-CAL-TROZO-REF-C-CO-200G.jpg?v=638776857557030000",
    "productUrl": "https://www.jumbo.cl/trucha-ahum-en-cal-trozo-ref-c-and-co-200g-1953336/p",
    "in_stock": true,
    "promo_text": null,
    "sku": "123386",
    "rating": 5,
    "description": null
  },
  {
    "id": "123387",
    "name": "Slice de Trucha Ahumada en Frío 150 g",
    "brand": "Cuisine & Co",
    "category": "carnes-y-pescados",
    "price": 7590,
    "price_original": null,
    "currency": "CLP",
    "size": null,
    "unit_price": 50600,
    "image_url": "https://jumbocl.vteximg.com.br/arquivos/ids/388812-250-250/TRUCHA-AHUM-EN-FRIO-SLICE-REF-C-CO-150G.jpg?v=638776857572730000",
    "productUrl": "https://www.jumbo.cl/trucha-ahum-en-frio-slice-ref-c-and-co-150g-1953334/p",
    "in_stock": true,
    "promo_text": null,
    "sku": "123387",
    "rating": null,
    "description": null
  },
  {
    "id": "123390",
    "name": "Slice de Trucha Ahumada En Caliente 200 g",
    "brand": "Cuisine & Co",
    "category": "carnes-y-pescados",
    "price": 9490,
    "price_original": null,
    "currency": "CLP",
    "size": null,
    "unit_price": 47450,
    "image_url": "https://jumbocl.vteximg.com.br/arquivos/ids/388813-250-250/TRUCHA-AHUM-EN-CAL-SLICE-REF-C-CO-200G.jpg?v=638776857573530000",
    "productUrl": "https://www.jumbo.cl/trucha-ahum-en-cal-slice-ref-c-and-co-200g-1953335/p",
    "in_stock": true,
    "promo_text": null,
    "sku": "123390",
    "rating": null,
    "description": null
  },
  {
    "id": "127685",
    "name": "Lomo Centro Cerdo Cuisine & Co 800 g",
    "brand": "Cuisine & Co",
    "category": "carnes-y-pescados",
    "price": 6990,
    "price_original": null,
    "currency": "CLP",
    "size": null,
    "unit_price": 8738,
    "image_url": "https://jumbocl.vteximg.com.br/arquivos/ids/393491-250-250/LOMO-CE-C-CO-800GR.jpg?v=638776874761100000",
    "productUrl": "https://www.jumbo.cl/lomo-ce-c-y-co-800gr/p",
    "in_stock": true,
    "promo_text": null,
    "sku": "127685",
    "rating": 5,
    "description": null
  },
  {
    "id": "127690",
    "name": "Malaya Cerdo Cuisine & Co 900 g",
    "brand": "Cuisine & Co",
    "category": "carnes-y-pescados",
    "price": 13490,
    "price_original": null,
    "currency": "CLP",
    "size": null,
    "unit_price": 14989,
    "image_url": "https://jumbocl.vteximg.com.br/arquivos/ids/393494-250-250/MALAY-CER-900G-CCO.jpg?v=638776874777170000",
    "productUrl": "https://www.jumbo.cl/malay-cer-900g-cco/p",
    "in_stock": true,
    "promo_text": null,
    "sku": "127690",
    "rating": 4.8,
    "description": null
  },
  {
    "id": "134540",
    "name": "Salmón Coho Fresco kg",
    "brand": "Pescadería Jumbo",
    "category": "carnes-y-pescados",
    "price": 9495,
    "price_original": null,
    "currency": "CLP",
    "size": null,
    "unit_price": 18990,
    "image_url": "https://jumbocl.vteximg.com.br/arquivos/ids/322308-250-250/Salmon-Coho-Fresco-kg.jpg?v=638776425876100000",
    "productUrl": "https://www.jumbo.cl/salmon-coho-fil-kg/p",
    "in_stock": true,
    "promo_text": null,
    "sku": "134540",
    "rating": null,
    "description": null
  },
  {
    "id": "137997",
    "name": "Loco y Pulpo En Conserva 900 g",
    "brand": "Stella Maris",
    "category": "carnes-y-pescados",
    "price": 34990,
    "price_original": null,
    "currency": "CLP",
    "size": null,
    "unit_price": 38878,
    "image_url": "https://jumbocl.vteximg.com.br/arquivos/ids/328742-250-250/PACK-LOCO-Y-PULPO-STELLA-MARIS-900-GRS.jpg?v=638776431240000000",
    "productUrl": "https://www.jumbo.cl/pack-loco-y-pulpo-stella-maris-900-grs-1980047/p",
    "in_stock": true,
    "promo_text": null,
    "sku": "137997",
    "rating": null,
    "description": null
  },
  {
    "id": "138199",
    "name": "Filete de Anchoa 130 g",
    "brand": "From Arica",
    "category": "carnes-y-pescados",
    "price": 5590,
    "price_original": null,
    "currency": "CLP",
    "size": null,
    "unit_price": 43000,
    "image_url": "https://jumbocl.vteximg.com.br/arquivos/ids/329273-250-250/Filetes-de-Anchoas-Saladas-From-Arica-130-g.jpg?v=638776431631470000",
    "productUrl": "https://www.jumbo.cl/anchoa-filete-from-arica-130g-1997241/p",
    "in_stock": true,
    "promo_text": null,
    "sku": "138199",
    "rating": null,
    "description": null
  },
  {
    "id": "138269",
    "name": "Brocheta Salmón Fresca 1 un.",
    "brand": "Pescadería Jumbo",
    "category": "carnes-y-pescados",
    "price": 3990,
    "price_original": null,
    "currency": "CLP",
    "size": null,
    "unit_price": null,
    "image_url": "https://jumbocl.vteximg.com.br/arquivos/ids/403390-250-250/Brocheta-Salmon-Fresca-un.jpg?v=638776911934330000",
    "productUrl": "https://www.jumbo.cl/brocheta-salmon-local-un-1960847/p",
    "in_stock": true,
    "promo_text": null,
    "sku": "138269",
    "rating": null,
    "description": null
  },
  {
    "id": "139323",
    "name": "Camarón Entero White Panam10/20 kg",
    "brand": "Marca Propia",
    "category": "carnes-y-pescados",
    "price": 13490,
    "price_original": null,
    "currency": "CLP",
    "size": null,
    "unit_price": 26980,
    "image_url": "https://jumbocl.vteximg.com.br/arquivos/ids/430000-250-250/Camaron-Entero-White-Panam-10-20-kg.jpg?v=638814668426000000",
    "productUrl": "https://www.jumbo.cl/camaron-entero-white-panam-10-20-kg-1994072-kg/p",
    "in_stock": true,
    "promo_text": null,
    "sku": "139323",
    "rating": null,
    "description": null
  },
  {
    "id": "139711",
    "name": "Asado Carnicero Super Cerdo 400 g",
    "brand": "Super Cerdo",
    "category": "carnes-y-pescados",
    "price": 3190,
    "price_original": null,
    "currency": "CLP",
    "size": null,
    "unit_price": 7975,
    "image_url": "https://jumbocl.vteximg.com.br/arquivos/ids/332505-250-250/SUPER-CERDO-ASADO-CARNICERO-400GR.jpg?v=638776434118070000",
    "productUrl": "https://www.jumbo.cl/super-cerdo-asado-carnicero-400gr-2004803/p",
    "in_stock": true,
    "promo_text": null,
    "sku": "139711",
    "rating": null,
    "description": null
  },
  {
    "id": "139938",
    "name": "Churrasco Posta Rosada Cuisine & Co 500 g",
    "brand": "Cuisine & Co",
    "category": "carnes-y-pescados",
    "price": 7190,
    "price_original": null,
    "currency": "CLP",
    "size": null,
    "unit_price": 14380,
    "image_url": "https://jumbocl.vteximg.com.br/arquivos/ids/332957-250-250/Churrasco-Posta-Rosada-Cuisine---Co-500-g.jpg?v=638827418576170000",
    "productUrl": "https://www.jumbo.cl/churrasco-posta-rosada-cuisine-and-co-500g-1964648/p",
    "in_stock": true,
    "promo_text": null,
    "sku": "139938",
    "rating": 3.4,
    "description": null
  },
  {
    "id": "140446",
    "name": "Croqueta de Cangrejo Apanado 482 g",
    "brand": "Panamei",
    "category": "carnes-y-pescados",
    "price": 6990,
    "price_original": null,
    "currency": "CLP",
    "size": null,
    "unit_price": 14502,
    "image_url": "https://jumbocl.vteximg.com.br/arquivos/ids/333841-250-250/Croqueta-de-Cangrejo-Apanado-482-g.jpg?v=638776435220000000",
    "productUrl": "https://www.jumbo.cl/crab-cakes-original-482-gr-panamei-1983971/p",
    "in_stock": true,
    "promo_text": null,
    "sku": "140446",
    "rating": 3,
    "description": null
  },
  {
    "id": "142044",
    "name": "Pulpo Merken En Conserva 450 g",
    "brand": "From Arica",
    "category": "carnes-y-pescados",
    "price": 13390,
    "price_original": null,
    "currency": "CLP",
    "size": null,
    "unit_price": 29756,
    "image_url": "https://jumbocl.vteximg.com.br/arquivos/ids/421802-250-250/PULPO-MER-ARI-450G.jpg?v=638809567825700000",
    "productUrl": "https://www.jumbo.cl/conserva-pulpo-merken-from-arica-450g-1982809/p",
    "in_stock": true,
    "promo_text": null,
    "sku": "142044",
    "rating": null,
    "description": null
  },
  {
    "id": "142042",
    "name": "Pulpo Azapeño En Conserva 450 g",
    "brand": "From Arica",
    "category": "carnes-y-pescados",
    "price": 15790,
    "price_original": null,
    "currency": "CLP",
    "size": null,
    "unit_price": 35089,
    "image_url": "https://jumbocl.vteximg.com.br/arquivos/ids/427450-250-250/PULPO-AZA-ARI-450G.jpg?v=638811002808230000",
    "productUrl": "https://www.jumbo.cl/conserva-pulpo-azapeno-from-arica-450g-1982807/p",
    "in_stock": true,
    "promo_text": null,
    "sku": "142042",
    "rating": null,
    "description": null
  },
  {
    "id": "142043",
    "name": "Conserva Pulpo 450 g",
    "brand": "From Arica",
    "category": "carnes-y-pescados",
    "price": 15790,
    "price_original": null,
    "currency": "CLP",
    "size": null,
    "unit_price": 35089,
    "image_url": "https://jumbocl.vteximg.com.br/arquivos/ids/427508-250-250/PULPO-AHU-ARI-450G.jpg?v=638811003989570000",
    "productUrl": "https://www.jumbo.cl/conserva-pulpo-ahumado-from-arica-450g-1982808/p",
    "in_stock": true,
    "promo_text": null,
    "sku": "142043",
    "rating": null,
    "description": null
  },
  {
    "id": "143381",
    "name": "Trozo de Salmón Ahumado en Caldo Southwind 300 g",
    "brand": "South Wind",
    "category": "carnes-y-pescados",
    "price": 11990,
    "price_original": null,
    "currency": "CLP",
    "size": null,
    "unit_price": 39967,
    "image_url": "https://jumbocl.vteximg.com.br/arquivos/ids/338884-250-250/Trozo-de-Salmon-Ahumado-en-Caldo-Southwind-300-g.jpg?v=638776439613470000",
    "productUrl": "https://www.jumbo.cl/salmon-ahum-trozo-en-cal-southwind-300gr-2010213/p",
    "in_stock": true,
    "promo_text": null,
    "sku": "143381",
    "rating": null,
    "description": null
  },
  {
    "id": "146747",
    "name": "Pinzas de Jaiba Jumbo Cuisine & Co 500 g",
    "brand": "Cuisine & Co",
    "category": "carnes-y-pescados",
    "price": 15990,
    "price_original": null,
    "currency": "CLP",
    "size": null,
    "unit_price": 31980,
    "image_url": "https://jumbocl.vteximg.com.br/arquivos/ids/417053-250-250/Pinzas-de-Jaiba-Jumbo-Cuisine---Co-500-g.jpg?v=638803698070970000",
    "productUrl": "https://www.jumbo.cl/pinzas-de-jaiba-jumbo-500g-cuisine-and-co-2027104/p",
    "in_stock": true,
    "promo_text": null,
    "sku": "146747",
    "rating": null,
    "description": null
  },
  {
    "id": "147142",
    "name": "Pinzas de Jaiba 1 kg",
    "brand": "South Wind",
    "category": "carnes-y-pescados",
    "price": 29990,
    "price_original": null,
    "currency": "CLP",
    "size": null,
    "unit_price": 29990,
    "image_url": "https://jumbocl.vteximg.com.br/arquivos/ids/346329-250-250/Pinzas-de-Jaiba-1-kg.jpg?v=638776445728530000",
    "productUrl": "https://www.jumbo.cl/pinzas-jaiba-coctel-s-wind-kg-2026368-kg/p",
    "in_stock": true,
    "promo_text": null,
    "sku": "147142",
    "rating": null,
    "description": null
  },
  {
    "id": "149389",
    "name": "Carne Molida de Pechuga de Pavo Sopraval 2% mg 350 g",
    "brand": "Sopraval",
    "category": "carnes-y-pescados",
    "price": 4890,
    "price_original": null,
    "currency": "CLP",
    "size": null,
    "unit_price": 13971,
    "image_url": "https://jumbocl.vteximg.com.br/arquivos/ids/441117-250-250/Carne-Molida-de-Pechuga-de-Pavo-2--MG-Sopraval-350-g.jpg?v=638834463104200000",
    "productUrl": "https://www.jumbo.cl/carne-pavo-molida-2037142/p",
    "in_stock": true,
    "promo_text": null,
    "sku": "149389",
    "rating": null,
    "description": null
  },
  {
    "id": "123548",
    "name": "Tapapecho EEUU Catv Brawley 1 kg",
    "brand": "Carnicería Propia",
    "category": "carnes-y-pescados",
    "price": 16990,
    "price_original": null,
    "currency": "CLP",
    "size": null,
    "unit_price": 16990,
    "image_url": "https://jumbocl.vteximg.com.br/arquivos/ids/488415-250-250/Tapapecho-EEUU-Catv-Brawley-1-kg.jpg?v=638894807127100000",
    "productUrl": "https://www.jumbo.cl/tapapecho-eeuu-catv-brawley-kg-1941106-kg/p",
    "in_stock": true,
    "promo_text": null,
    "sku": "123548",
    "rating": null,
    "description": null
  },
  {
    "id": "154023",
    "name": "Entrecot Cordero Agromarín Congelado 700 g",
    "brand": "Agromarín",
    "category": "carnes-y-pescados",
    "price": 12990,
    "price_original": null,
    "currency": "CLP",
    "size": null,
    "unit_price": 18557,
    "image_url": "https://jumbocl.vteximg.com.br/arquivos/ids/500963-250-250/Entrecot-Cordero-Agromarin-Congelado-700-g.jpg?v=638919120332400000",
    "productUrl": "https://www.jumbo.cl/entrecot-cordero-cong-agromarin-700-gr-2044224/p",
    "in_stock": true,
    "promo_text": null,
    "sku": "154023",
    "rating": null,
    "description": null
  },
  {
    "id": "139965",
    "name": "Camarón Crudo con Cáscara Jumbo 1 kg",
    "brand": "Marca Propia",
    "category": "carnes-y-pescados",
    "price": 26980,
    "price_original": null,
    "currency": "CLP",
    "size": null,
    "unit_price": 26980,
    "image_url": "https://jumbocl.vteximg.com.br/arquivos/ids/520396-250-250/Camaron-Crudo-Con-Cascara-Jumbo-1-kg.jpg?v=638953642509870000",
    "productUrl": "https://www.jumbo.cl/camaron-entero-10-20-champmar-kg-1997240-kg/p",
    "in_stock": true,
    "promo_text": null,
    "sku": "139965",
    "rating": null,
    "description": null
  },
  {
    "id": "156158",
    "name": "Conejo Cuni & Co Trozado Congelado kg",
    "brand": "Cuni&Co",
    "category": "carnes-y-pescados",
    "price": 20388,
    "price_original": null,
    "currency": "CLP",
    "size": null,
    "unit_price": 16990,
    "image_url": "https://jumbocl.vteximg.com.br/arquivos/ids/516121-250-250/Conejo-Trozado-Congelado-Cuni-Co-kg.jpg?v=638947492484370000",
    "productUrl": "https://www.jumbo.cl/conejo-trozado-congelado-cuisine-y-co-kg/p",
    "in_stock": true,
    "promo_text": null,
    "sku": "156158",
    "rating": null,
    "description": null
  },
  {
    "id": "156159",
    "name": "Conejo Cuni & Co Pierna Trasera Congelado kg",
    "brand": "Cuni&Co",
    "category": "carnes-y-pescados",
    "price": 14392,
    "price_original": null,
    "currency": "CLP",
    "size": null,
    "unit_price": 17990,
    "image_url": "https://jumbocl.vteximg.com.br/arquivos/ids/516115-250-250/Conejo-Pierna-Trasera-Congelada-Cuni-Co-kg.jpg?v=638947492472630000",
    "productUrl": "https://www.jumbo.cl/conejo-pierna-trasera-congelada-cuisine-y-co-kg/p",
    "in_stock": true,
    "promo_text": null,
    "sku": "156159",
    "rating": null,
    "description": null
  },
  {
    "id": "156160",
    "name": "Conejo Cuni & Co Lomo Deshuesado Congelado kg",
    "brand": "Cuni&Co",
    "category": "carnes-y-pescados",
    "price": 11994,
    "price_original": null,
    "currency": "CLP",
    "size": null,
    "unit_price": 19990,
    "image_url": "https://jumbocl.vteximg.com.br/arquivos/ids/516109-250-250/Conejo-Lomo-Deshuesado-Congelado-Cuni-Co-kg.jpg?v=638947492462300000",
    "productUrl": "https://www.jumbo.cl/conejo-lomo-deshuesado-congelado-cuisine-y-co-kg/p",
    "in_stock": true,
    "promo_text": null,
    "sku": "156160",
    "rating": 5,
    "description": null
  },
  {
    "id": "96217",
    "name": "Mariscos Surtidos Congelados 1 kg",
    "brand": "Cuisine & Co",
    "category": "carnes-y-pescados",
    "price": 10990,
    "price_original": null,
    "currency": "CLP",
    "size": null,
    "unit_price": 10990,
    "image_url": "https://jumbocl.vteximg.com.br/arquivos/ids/369204-250-250/Surtido-de-mariscos-congelados-1-kg.jpg?v=638776776072500000",
    "productUrl": "https://www.jumbo.cl/surtido-de-mariscos-congelados-1-kg/p",
    "in_stock": true,
    "promo_text": null,
    "sku": "96217",
    "rating": 4.8,
    "description": null
  },
  {
    "id": "146188",
    "name": "Costillar Tradicional Pequeño Super Cerdo kg",
    "brand": "Super Cerdo",
    "category": "carnes-y-pescados",
    "price": 19184,
    "price_original": null,
    "currency": "CLP",
    "size": null,
    "unit_price": 11990,
    "image_url": "https://jumbocl.vteximg.com.br/arquivos/ids/404212-250-250/Costillar-Tradicional-de-Cerdo-Super-Cerdo-kg.jpg?v=638776917623100000",
    "productUrl": "https://www.jumbo.cl/costillar-trad-cerdo-super-cerdo-kg-2020079-kg/p",
    "in_stock": true,
    "promo_text": null,
    "sku": "146188",
    "rating": null,
    "description": null
  },
  {
    "id": "160340",
    "name": "Malaya a la Mostaza 900 g",
    "brand": "Super Cerdo",
    "category": "carnes-y-pescados",
    "price": 14990,
    "price_original": null,
    "currency": "CLP",
    "size": null,
    "unit_price": 16656,
    "image_url": "https://jumbocl.vteximg.com.br/arquivos/ids/542305-250-250/Carne-de-Cerdo-Malaya-Mostaza-Super-Cerdo-900-g.jpg?v=638991189255130000",
    "productUrl": "https://www.jumbo.cl/carne-cerdo-malaya-2056659/p",
    "in_stock": true,
    "promo_text": null,
    "sku": "160340",
    "rating": null,
    "description": null
  },
  {
    "id": "6731",
    "name": "Leche Soprole Sin Lactosa Descremada 1 L",
    "brand": "Soprole",
    "category": "lacteos-huevos-y-congelados",
    "price": 1400,
    "price_original": null,
    "currency": "CLP",
    "size": null,
    "unit_price": null,
    "image_url": "https://jumbocl.vteximg.com.br/arquivos/ids/528516-250-250/Leche-Soprole-Sin-Lactosa-Descremada-1-L.jpg?v=638967406392070000",
    "productUrl": "https://www.jumbo.cl/leche-descremada-soprole-1-l-sin-lactosa-caja-tapa-rosca/p",
    "in_stock": true,
    "promo_text": "Lleva 2 por $2.300",
    "sku": "6731",
    "rating": 5,
    "description": null
  },
  {
    "id": "156906",
    "name": "Huevos Blancos Cuisine & Co Gallinas Libres Extra Grandes 20 un.",
    "brand": "Cuisine & Co",
    "category": "lacteos-huevos-y-congelados",
    "price": 7790,
    "price_original": null,
    "currency": "CLP",
    "size": null,
    "unit_price": null,
    "image_url": "https://jumbocl.vteximg.com.br/arquivos/ids/521611-250-250/Huevos-Blancos-Cuisine---Co-Gallinas-Libres-Extra-Grandes-20-un.jpg?v=638956353540370000",
    "productUrl": "https://www.jumbo.cl/huevo-ex-gran-blanco-20u-gall-libre-c-and-co-2045695/p",
    "in_stock": true,
    "promo_text": null,
    "sku": "156906",
    "rating": null,
    "description": null
  },
  {
    "id": "6870",
    "name": "Mantequilla Colun con Sal 250 g",
    "brand": "Colun",
    "category": "lacteos-huevos-y-congelados",
    "price": 2890,
    "price_original": 3350,
    "currency": "CLP",
    "size": null,
    "unit_price": 11560,
    "image_url": "https://jumbocl.vteximg.com.br/arquivos/ids/348618-250-250/Mantequilla-con-sal-250-g.jpg?v=638776486573930000",
    "productUrl": "https://www.jumbo.cl/mantequilla-con-sal-colun-250-g/p",
    "in_stock": true,
    "promo_text": null,
    "sku": "6870",
    "rating": 4.9,
    "description": null
  },
  {
    "id": "6885",
    "name": "Mantequilla Soprole con Sal 250 g",
    "brand": "Soprole",
    "category": "lacteos-huevos-y-congelados",
    "price": 2790,
    "price_original": 3190,
    "currency": "CLP",
    "size": null,
    "unit_price": 11160,
    "image_url": "https://jumbocl.vteximg.com.br/arquivos/ids/348628-250-250/Mantequilla-con-Sal-250-g.jpg?v=638776486720600000",
    "productUrl": "https://www.jumbo.cl/mantequilla-con-sal-soprole-250-g/p",
    "in_stock": true,
    "promo_text": null,
    "sku": "6885",
    "rating": 4.9,
    "description": null
  },
  {
    "id": "6697",
    "name": "Leche Colun Entera 1 L",
    "brand": "Colun",
    "category": "lacteos-huevos-y-congelados",
    "price": 1350,
    "price_original": null,
    "currency": "CLP",
    "size": null,
    "unit_price": null,
    "image_url": "https://jumbocl.vteximg.com.br/arquivos/ids/348513-250-250/Leche-entera-1-L.jpg?v=638776485157100000",
    "productUrl": "https://www.jumbo.cl/leche-entera-colun-caja-1-l-natural/p",
    "in_stock": true,
    "promo_text": "Lleva 2 por $2.300",
    "sku": "6697",
    "rating": 5,
    "description": null
  },
  {
    "id": "6732",
    "name": "Leche Soprole Sin Lactosa Semidescremada 1 L",
    "brand": "Soprole",
    "category": "lacteos-huevos-y-congelados",
    "price": 1400,
    "price_original": null,
    "currency": "CLP",
    "size": null,
    "unit_price": null,
    "image_url": "https://jumbocl.vteximg.com.br/arquivos/ids/528517-250-250/Leche-Soprole-Sin-Lactosa-Semidescremada-1-L.jpg?v=638967406400400000",
    "productUrl": "https://www.jumbo.cl/leche-semi-descremada-zerolacto-soprole-1-l/p",
    "in_stock": true,
    "promo_text": "Lleva 2 por $2.300",
    "sku": "6732",
    "rating": 5,
    "description": null
  },
  {
    "id": "1381",
    "name": "Choclo en Granos Frutos del Maipo 500 g",
    "brand": "Frutos Del Maipo",
    "category": "lacteos-huevos-y-congelados",
    "price": 1690,
    "price_original": 2250,
    "currency": "CLP",
    "size": null,
    "unit_price": 3380,
    "image_url": "https://jumbocl.vteximg.com.br/arquivos/ids/298567-250-250/Choclo-En-Granos-Frutos-del-Maipo-500-g.jpg?v=638775753969730000",
    "productUrl": "https://www.jumbo.cl/choclo-frutos-del-maipo-bolsa-500-g-congelado-2/p",
    "in_stock": true,
    "promo_text": null,
    "sku": "1381",
    "rating": 5,
    "description": null
  },
  {
    "id": "57085",
    "name": "Huevos La Granja Grandes Color 12 un.",
    "brand": "La Granja",
    "category": "lacteos-huevos-y-congelados",
    "price": 5060,
    "price_original": null,
    "currency": "CLP",
    "size": null,
    "unit_price": null,
    "image_url": "https://jumbocl.vteximg.com.br/arquivos/ids/360125-250-250/Huevo-grande-La-Granja-color-12-unid.jpg?v=638776731246200000",
    "productUrl": "https://www.jumbo.cl/huevo-g-l-12-un-color-la-granj-2/p",
    "in_stock": true,
    "promo_text": "Paga $3.590",
    "sku": "57085",
    "rating": 4.8,
    "description": null
  },
  {
    "id": "81001",
    "name": "Yogurt Soprole Proteína Natural 155 g",
    "brand": "Soprole",
    "category": "lacteos-huevos-y-congelados",
    "price": 740,
    "price_original": null,
    "currency": "CLP",
    "size": null,
    "unit_price": 4774,
    "image_url": "https://jumbocl.vteximg.com.br/arquivos/ids/364426-250-250/Yoghurt-proteina-natural-endulzado-155-g.jpg?v=638776754050700000",
    "productUrl": "https://www.jumbo.cl/yoghurt-protein-natural-155-g/p",
    "in_stock": true,
    "promo_text": "4 por 3 a $2.220",
    "sku": "81001",
    "rating": 4.8,
    "description": null
  },
  {
    "id": "75411",
    "name": "Choclo Congelado en Grano 500 g",
    "brand": "Cuisine & Co",
    "category": "lacteos-huevos-y-congelados",
    "price": 1890,
    "price_original": null,
    "currency": "CLP",
    "size": null,
    "unit_price": 3000,
    "image_url": "https://jumbocl.vteximg.com.br/arquivos/ids/363135-250-250/Choclo-en-grano-congelado-500-g.jpg?v=638776746610330000",
    "productUrl": "https://www.jumbo.cl/choclo-en-grano-congelado-500-g-cuisine-and-co-1763677/p",
    "in_stock": true,
    "promo_text": "Lleva 2 por $3.000",
    "sku": "75411",
    "rating": 4.7,
    "description": null
  },
  {
    "id": "7091",
    "name": "Yogurt Griego Oikos Natural Sin Endulzar 150 g",
    "brand": "Oikos",
    "category": "lacteos-huevos-y-congelados",
    "price": 590,
    "price_original": null,
    "currency": "CLP",
    "size": null,
    "unit_price": 3933,
    "image_url": "https://jumbocl.vteximg.com.br/arquivos/ids/348723-250-250/Yoghurt-batido-natural-150-g.jpg?v=638776488006100000",
    "productUrl": "https://www.jumbo.cl/yoghurt-natural-danone-150-g/p",
    "in_stock": true,
    "promo_text": null,
    "sku": "7091",
    "rating": 5,
    "description": null
  },
  {
    "id": "81002",
    "name": "Yogurt Soprole Proteína Frutilla 155 g",
    "brand": "Soprole",
    "category": "lacteos-huevos-y-congelados",
    "price": 740,
    "price_original": null,
    "currency": "CLP",
    "size": null,
    "unit_price": 4774,
    "image_url": "https://jumbocl.vteximg.com.br/arquivos/ids/364428-250-250/Yoghurt-proteina-frutilla-155-g.jpg?v=638776754051970000",
    "productUrl": "https://www.jumbo.cl/yoghurt-protein-frutilla-155-g/p",
    "in_stock": true,
    "promo_text": "4 por 3 a $2.220",
    "sku": "81002",
    "rating": 5,
    "description": null
  },
  {
    "id": "20386",
    "name": "Helado Mega Mini Frambuesa Multipack 60 ml 5 un.",
    "brand": "Mega",
    "category": "lacteos-huevos-y-congelados",
    "price": 4552,
    "price_original": 5690,
    "currency": "CLP",
    "size": null,
    "unit_price": null,
    "image_url": "https://jumbocl.vteximg.com.br/arquivos/ids/353522-250-250/Helado-mini-frambuesa-5-un-60-ml-c-u.jpg?v=638776697901100000",
    "productUrl": "https://www.jumbo.cl/mini-mega-frambuesa-savory-5-unid-x-60-ml-c-u/p",
    "in_stock": true,
    "promo_text": "Lleva 2 por $6.500",
    "sku": "20386",
    "rating": 4.8,
    "description": null
  },
  {
    "id": "1066",
    "name": "Hamburguesa de Vacuno La Crianza 1 kg 10 un.",
    "brand": "La Crianza",
    "category": "lacteos-huevos-y-congelados",
    "price": 9478,
    "price_original": 11150,
    "currency": "CLP",
    "size": null,
    "unit_price": 7500,
    "image_url": "https://jumbocl.vteximg.com.br/arquivos/ids/298370-250-250/Hamburguesas-vacuno-caja-10-un-1-kg.jpg?v=638775751563370000",
    "productUrl": "https://www.jumbo.cl/hamburguesa-la-crianza-de-vacuno-10-unid/p",
    "in_stock": true,
    "promo_text": "Lleva 2 por $15.000",
    "sku": "1066",
    "rating": 3.4,
    "description": null
  },
  {
    "id": "1399",
    "name": "Choclo Congelado Minuto Verde 100% Natural 500 g",
    "brand": "Minuto Verde",
    "category": "lacteos-huevos-y-congelados",
    "price": 1990,
    "price_original": null,
    "currency": "CLP",
    "size": null,
    "unit_price": 3980,
    "image_url": "https://jumbocl.vteximg.com.br/arquivos/ids/298583-250-250/Choclo-Congelado-100--Natural-500-g.jpg?v=638775754140930000",
    "productUrl": "https://www.jumbo.cl/choclo-minuto-verde-bolsa-500-g-congelado-2/p",
    "in_stock": true,
    "promo_text": "Lleva 2 por $3.000",
    "sku": "1399",
    "rating": 4.6,
    "description": null
  },
  {
    "id": "105579",
    "name": "Helado Centella Tres Sabores Multipack 52 g 21 un.",
    "brand": "Savory",
    "category": "lacteos-huevos-y-congelados",
    "price": 3672,
    "price_original": 4590,
    "currency": "CLP",
    "size": null,
    "unit_price": null,
    "image_url": "https://jumbocl.vteximg.com.br/arquivos/ids/374969-250-250/Helado-Centella-multipack-3-sabores-21-un-52-g.jpg?v=638776801646930000",
    "productUrl": "https://www.jumbo.cl/helado-m-pack-centella-3-sabores-21x52g-1893416/p",
    "in_stock": true,
    "promo_text": "Lleva 2 por $6.500",
    "sku": "105579",
    "rating": 3.2,
    "description": null
  },
  {
    "id": "6690",
    "name": "Leche Colun Semidescremada 1 L",
    "brand": "Colun",
    "category": "lacteos-huevos-y-congelados",
    "price": 1350,
    "price_original": null,
    "currency": "CLP",
    "size": null,
    "unit_price": null,
    "image_url": "https://jumbocl.vteximg.com.br/arquivos/ids/348510-250-250/Leche-semidescremada-1-L.jpg?v=638776485116600000",
    "productUrl": "https://www.jumbo.cl/leche-colun-semi-descremada-1-litro/p",
    "in_stock": true,
    "promo_text": "Lleva 2 por $2.300",
    "sku": "6690",
    "rating": 4.9,
    "description": null
  },
  {
    "id": "20384",
    "name": "Helado Danky Mini Nogatonga Multipack 80 ml 5 un.",
    "brand": "Savory",
    "category": "lacteos-huevos-y-congelados",
    "price": 4552,
    "price_original": 5690,
    "currency": "CLP",
    "size": null,
    "unit_price": null,
    "image_url": "https://jumbocl.vteximg.com.br/arquivos/ids/304183-250-250/Helado-Danky-Mini-Nogatonga-Multipack-80-ml-5-un.jpg?v=638776379376530000",
    "productUrl": "https://www.jumbo.cl/mini-helados-danky-nogatonga-savory-5-unid-x-80-ml-c-u/p",
    "in_stock": true,
    "promo_text": "Lleva 2 por $6.500",
    "sku": "20384",
    "rating": 3.7,
    "description": null
  },
  {
    "id": "20385",
    "name": "Helado Sahne Nuss Paleta Mini Multipack 60 ml 5 un.",
    "brand": "Sahne Nuss",
    "category": "lacteos-huevos-y-congelados",
    "price": 4552,
    "price_original": 5690,
    "currency": "CLP",
    "size": null,
    "unit_price": null,
    "image_url": "https://jumbocl.vteximg.com.br/arquivos/ids/353521-250-250/Helado-paleta-mini-5-un-60-ml-c-u.jpg?v=638776697894000000",
    "productUrl": "https://www.jumbo.cl/mini-helados-sahne-nuss-savory-5-unidades-x-60-ml-c-u/p",
    "in_stock": true,
    "promo_text": "Lleva 2 por $6.500",
    "sku": "20385",
    "rating": 5,
    "description": null
  },
  {
    "id": "135044",
    "name": "Huevos Cuisine & Co Extra Grandes Blanco 20 un.",
    "brand": "Cuisine & Co",
    "category": "lacteos-huevos-y-congelados",
    "price": 6890,
    "price_original": null,
    "currency": "CLP",
    "size": null,
    "unit_price": null,
    "image_url": "https://jumbocl.vteximg.com.br/arquivos/ids/495096-250-250/Huevos-Cuisine---Co-Extra-Grandes-Blanco-20-un.jpg?v=638908740223700000",
    "productUrl": "https://www.jumbo.cl/hue-exg-b-20u-c-y-co/p",
    "in_stock": true,
    "promo_text": null,
    "sku": "135044",
    "rating": 5,
    "description": null
  },
  {
    "id": "6692",
    "name": "Leche Colun Descremada 1 L",
    "brand": "Colun",
    "category": "lacteos-huevos-y-congelados",
    "price": 1350,
    "price_original": null,
    "currency": "CLP",
    "size": null,
    "unit_price": null,
    "image_url": "https://jumbocl.vteximg.com.br/arquivos/ids/348511-250-250/Leche-descremada-1-L.jpg?v=638776485130400000",
    "productUrl": "https://www.jumbo.cl/leche-descremada-colun-1-l-2/p",
    "in_stock": true,
    "promo_text": "Lleva 2 por $2.300",
    "sku": "6692",
    "rating": 5,
    "description": null
  },
  {
    "id": "156909",
    "name": "Huevo Cuisine & Co Grande Blanco Gallina Libre 30 un.",
    "brand": "Cuisine & Co",
    "category": "lacteos-huevos-y-congelados",
    "price": 11190,
    "price_original": null,
    "currency": "CLP",
    "size": null,
    "unit_price": null,
    "image_url": "https://jumbocl.vteximg.com.br/arquivos/ids/522486-250-250/Huevo-C-Co-Grande-Blanco-Gallina-Libre-30-un.jpg?v=638959659087500000",
    "productUrl": "https://www.jumbo.cl/huevo-grande-blanco-30u-gall-libre-c-and-co-2045698/p",
    "in_stock": true,
    "promo_text": null,
    "sku": "156909",
    "rating": null,
    "description": null
  },
  {
    "id": "153819",
    "name": "Yogurt Loncoleche Full Pro Proteína Natural 150 g",
    "brand": "Activia",
    "category": "lacteos-huevos-y-congelados",
    "price": 1190,
    "price_original": null,
    "currency": "CLP",
    "size": null,
    "unit_price": 7933,
    "image_url": "https://jumbocl.vteximg.com.br/arquivos/ids/485106-250-250/YOGURT-FULL-PRO-LONCO-PROT-NATURAL-150G.jpg?v=638892673329230000",
    "productUrl": "https://www.jumbo.cl/yogurt-full-pro-lonco-prot-natural-150g-2044542/p",
    "in_stock": true,
    "promo_text": "Lleva 4 por $3.400",
    "sku": "153819",
    "rating": null,
    "description": null
  },
  {
    "id": "153820",
    "name": "Yogurt Loncoleche Full Pro Frutilla 150 g",
    "brand": "Activia",
    "category": "lacteos-huevos-y-congelados",
    "price": 1190,
    "price_original": null,
    "currency": "CLP",
    "size": null,
    "unit_price": 7933,
    "image_url": "https://jumbocl.vteximg.com.br/arquivos/ids/485107-250-250/YOGURT-FULL-PRO-LONCO-PROT-FRUTILLA-150G.jpg?v=638892673333270000",
    "productUrl": "https://www.jumbo.cl/yogurt-full-pro-lonco-prot-frutilla-150g-2044543/p",
    "in_stock": true,
    "promo_text": "Lleva 4 por $3.400",
    "sku": "153820",
    "rating": 5,
    "description": null
  },
  {
    "id": "125702",
    "name": "Yogurt Colun Origen Natural 120 g",
    "brand": "Colun",
    "category": "lacteos-huevos-y-congelados",
    "price": 390,
    "price_original": null,
    "currency": "CLP",
    "size": null,
    "unit_price": 2722,
    "image_url": "https://jumbocl.vteximg.com.br/arquivos/ids/391212-250-250/Yghurt-Origen-Natural-Colun-120-g.jpg?v=638776866788600000",
    "productUrl": "https://www.jumbo.cl/yoghurt-colun-origen-120g-natural-1959602001/p",
    "in_stock": true,
    "promo_text": "Lleva 8 por $2.500",
    "sku": "125702",
    "rating": 4.9,
    "description": null
  },
  {
    "id": "84964",
    "name": "Mix Berries Congelado 400 g",
    "brand": "Cuisine & Co",
    "category": "lacteos-huevos-y-congelados",
    "price": 2693,
    "price_original": 3590,
    "currency": "CLP",
    "size": null,
    "unit_price": 6733,
    "image_url": "https://jumbocl.vteximg.com.br/arquivos/ids/365686-250-250/Mix-berries-congelados-400-g.jpg?v=638776760110970000",
    "productUrl": "https://www.jumbo.cl/mix-berries-congelado-400-g-cuisine-and-co-1823095/p",
    "in_stock": true,
    "promo_text": "25% dcto.",
    "sku": "84964",
    "rating": 4.4,
    "description": null
  },
  {
    "id": "82588",
    "name": "Yogurt Soprole Proteína Chirimoya 155 g",
    "brand": "Soprole",
    "category": "lacteos-huevos-y-congelados",
    "price": 740,
    "price_original": null,
    "currency": "CLP",
    "size": null,
    "unit_price": 4774,
    "image_url": "https://jumbocl.vteximg.com.br/arquivos/ids/364986-250-250/Yoghurt-proteina-chirimoya-155-g.jpg?v=638776756787870000",
    "productUrl": "https://www.jumbo.cl/yoghurt-protein-chirimoya-155-g/p",
    "in_stock": true,
    "promo_text": "4 por 3 a $2.220",
    "sku": "82588",
    "rating": 5,
    "description": null
  },
  {
    "id": "120204",
    "name": "Yogurt Soprole Proteína Frutos Secos 155 g",
    "brand": "Soprole",
    "category": "lacteos-huevos-y-congelados",
    "price": 820,
    "price_original": null,
    "currency": "CLP",
    "size": null,
    "unit_price": 5290,
    "image_url": "https://jumbocl.vteximg.com.br/arquivos/ids/385251-250-250/Yoghurt-Protein--Trozos-frutos-secos-155-g.jpg?v=638776843456970000",
    "productUrl": "https://www.jumbo.cl/yog-protein-tro-soprole-155gr-frut-sec-1787599006/p",
    "in_stock": true,
    "promo_text": "4 por 3 a $2.460",
    "sku": "120204",
    "rating": 5,
    "description": null
  },
  {
    "id": "78222",
    "name": "Yogurt Soprole Proteína Trozos Frutilla 155 g",
    "brand": "Soprole",
    "category": "lacteos-huevos-y-congelados",
    "price": 820,
    "price_original": null,
    "currency": "CLP",
    "size": null,
    "unit_price": 5290,
    "image_url": "https://jumbocl.vteximg.com.br/arquivos/ids/363981-250-250/Yoghurt-proteina-trozos-frutilla-155-g.jpg?v=638776751470730000",
    "productUrl": "https://www.jumbo.cl/yoghurt-protein-trozos-de-frutilla-155-g/p",
    "in_stock": true,
    "promo_text": "4 por 3 a $2.460",
    "sku": "78222",
    "rating": 5,
    "description": null
  },
  {
    "id": "44057",
    "name": "Pack 6 un. Leche Colun Original Chocolate 200 ml",
    "brand": "Colun",
    "category": "lacteos-huevos-y-congelados",
    "price": 3000,
    "price_original": 3600,
    "currency": "CLP",
    "size": null,
    "unit_price": null,
    "image_url": "https://jumbocl.vteximg.com.br/arquivos/ids/357509-250-250/Principal-42912.jpg?v=638776719417700000",
    "productUrl": "https://www.jumbo.cl/pack-leche-colun-original-chocolate-200-cc-6-unid/p",
    "in_stock": true,
    "promo_text": "Paga $2.700",
    "sku": "44057",
    "rating": 5,
    "description": null
  },
  {
    "id": "68884",
    "name": "Helado Savory Mini Kriko Multipack 300 ml",
    "brand": "Savory",
    "category": "lacteos-huevos-y-congelados",
    "price": 3720,
    "price_original": 4650,
    "currency": "CLP",
    "size": null,
    "unit_price": null,
    "image_url": "https://jumbocl.vteximg.com.br/arquivos/ids/361828-250-250/Helado-Kriko-mini-6-un-50-ml-c-u.jpg?v=638776739647200000",
    "productUrl": "https://www.jumbo.cl/helado-savory-mini-kriko-paleta-6x50-ml/p",
    "in_stock": true,
    "promo_text": "Lleva 2 por $6.500",
    "sku": "68884",
    "rating": null,
    "description": null
  },
  {
    "id": "1407",
    "name": "Sofrito con Ajo Minuto Verde 150 g",
    "brand": "Minuto Verde",
    "category": "lacteos-huevos-y-congelados",
    "price": 890,
    "price_original": null,
    "currency": "CLP",
    "size": null,
    "unit_price": 5000,
    "image_url": "https://jumbocl.vteximg.com.br/arquivos/ids/298591-250-250/Sofrito-con-Ajo-150-g.jpg?v=638775754245070000",
    "productUrl": "https://www.jumbo.cl/sofrito-minuto-verde-150-g-con-ajo-2/p",
    "in_stock": true,
    "promo_text": "Lleva 4 por $3.000",
    "sku": "1407",
    "rating": 5,
    "description": null
  },
  {
    "id": "82589",
    "name": "Yogurt Soprole Proteína Vainilla 155 g",
    "brand": "Soprole",
    "category": "lacteos-huevos-y-congelados",
    "price": 740,
    "price_original": null,
    "currency": "CLP",
    "size": null,
    "unit_price": 4774,
    "image_url": "https://jumbocl.vteximg.com.br/arquivos/ids/364988-250-250/Yoghurt-proteina-vainilla-155-g.jpg?v=638776756791430000",
    "productUrl": "https://www.jumbo.cl/yoghurt-protein-vainilla-155-g/p",
    "in_stock": true,
    "promo_text": "4 por 3 a $2.220",
    "sku": "82589",
    "rating": 5,
    "description": null
  },
  {
    "id": "128183",
    "name": "Helado Sangurucho Vainilla 125 ml 4 un.",
    "brand": "Savory",
    "category": "lacteos-huevos-y-congelados",
    "price": 4952,
    "price_original": 6190,
    "currency": "CLP",
    "size": null,
    "unit_price": null,
    "image_url": "https://jumbocl.vteximg.com.br/arquivos/ids/394072-250-250/Helado-Sangurucho-Vainilla-4-un-125-ml.jpg?v=638776877303770000",
    "productUrl": "https://www.jumbo.cl/hel-mpack-crazy-sangurucho-vain-4x125ml-1970319/p",
    "in_stock": true,
    "promo_text": "Lleva 2 por $6.500",
    "sku": "128183",
    "rating": 5,
    "description": null
  },
  {
    "id": "1277",
    "name": "Helado Chocolito Mini Multipack 50 ml 10 un.",
    "brand": "Savory",
    "category": "lacteos-huevos-y-congelados",
    "price": 3992,
    "price_original": 4990,
    "currency": "CLP",
    "size": null,
    "unit_price": null,
    "image_url": "https://jumbocl.vteximg.com.br/arquivos/ids/298531-250-250/Helado-Chocolito-Mini-Multipack-50-ml-10-un.jpg?v=638775753528100000",
    "productUrl": "https://www.jumbo.cl/multipack-savory-pack-10-unid-50-cc-cu-mini-chocolito/p",
    "in_stock": true,
    "promo_text": "Lleva 2 por $6.500",
    "sku": "1277",
    "rating": 5,
    "description": null
  },
  {
    "id": "73012",
    "name": "Yogurt Loncoleche Proteína Natural Endulzado 140 g",
    "brand": "Loncoleche",
    "category": "lacteos-huevos-y-congelados",
    "price": 710,
    "price_original": null,
    "currency": "CLP",
    "size": null,
    "unit_price": 4286,
    "image_url": "https://jumbocl.vteximg.com.br/arquivos/ids/310250-250-250/Yoghurt-proteina-natural-endulzado-140-g.jpg?v=638776391192600000",
    "productUrl": "https://www.jumbo.cl/yoghurt-loncoleche-proteina-natural-c-endulzante-140-g/p",
    "in_stock": true,
    "promo_text": "Lleva 6 por $3.600",
    "sku": "73012",
    "rating": 5,
    "description": null
  },
  {
    "id": "123051",
    "name": "Leche Soprole Sin Lactosa Entera 1 L",
    "brand": "Soprole",
    "category": "lacteos-huevos-y-congelados",
    "price": 1400,
    "price_original": null,
    "currency": "CLP",
    "size": null,
    "unit_price": null,
    "image_url": "https://jumbocl.vteximg.com.br/arquivos/ids/528144-250-250/Leche-Soprole-Sin-Lactosa-Entera-1-L.jpg?v=638967405167830000",
    "productUrl": "https://www.jumbo.cl/leche-s-l-entera-soprole-zerolacto-1lt-1950864/p",
    "in_stock": true,
    "promo_text": "Lleva 2 por $2.300",
    "sku": "123051",
    "rating": 5,
    "description": null
  },
  {
    "id": "1396",
    "name": "Arvejas Minuto Verde 500 g",
    "brand": "Minuto Verde",
    "category": "lacteos-huevos-y-congelados",
    "price": 2050,
    "price_original": null,
    "currency": "CLP",
    "size": null,
    "unit_price": 4100,
    "image_url": "https://jumbocl.vteximg.com.br/arquivos/ids/298580-250-250/Arvejas-500-g.jpg?v=638775754109470000",
    "productUrl": "https://www.jumbo.cl/arvejas-minuto-verde-bolsa-500-g-congelado-2/p",
    "in_stock": true,
    "promo_text": "Lleva 2 por $3.000",
    "sku": "1396",
    "rating": 5,
    "description": null
  },
  {
    "id": "95422",
    "name": "Helado Kit Kat Paleta Multipack 55 ml 5 un.",
    "brand": "Savory",
    "category": "lacteos-huevos-y-congelados",
    "price": 4552,
    "price_original": 5690,
    "currency": "CLP",
    "size": null,
    "unit_price": null,
    "image_url": "https://jumbocl.vteximg.com.br/arquivos/ids/312508-250-250/Helado-Kit-Kat-Paleta-Multipack-55-ml-5-un.jpg?v=638776396892100000",
    "productUrl": "https://www.jumbo.cl/helado-paleta-multipack-5-un-55-ml-c-u/p",
    "in_stock": true,
    "promo_text": "Lleva 2 por $6.500",
    "sku": "95422",
    "rating": 4.5,
    "description": null
  },
  {
    "id": "156326",
    "name": "Postre Soprole Protein Chocolate 130 g",
    "brand": "Soprole",
    "category": "lacteos-huevos-y-congelados",
    "price": 850,
    "price_original": null,
    "currency": "CLP",
    "size": null,
    "unit_price": 5769,
    "image_url": "https://jumbocl.vteximg.com.br/arquivos/ids/502033-250-250/Postre-Soprole-Protein-Chocolate-115-g.jpg?v=638923745575230000",
    "productUrl": "https://www.jumbo.cl/postre-protein-snack-soprole-choco-130gr-2051066/p",
    "in_stock": true,
    "promo_text": "Lleva 2 por $1.500",
    "sku": "156326",
    "rating": null,
    "description": null
  },
  {
    "id": "10988",
    "name": "Queso Mantecoso Río Bueno Laminado 500 g",
    "brand": "Río Bueno",
    "category": "lacteos-huevos-y-congelados",
    "price": 5890,
    "price_original": 7490,
    "currency": "CLP",
    "size": null,
    "unit_price": 11780,
    "image_url": "https://jumbocl.vtexassets.com/arquivos/ids/302118-250-250/Queso-Mantecoso-Rio-Bueno-Laminado-500-g.jpg?v=638776375812400000",
    "productUrl": "https://www.jumbo.cl/queso-mantecoso-rio-bueno-500-g-2/p",
    "in_stock": true,
    "promo_text": null,
    "sku": "10988",
    "rating": 4.8,
    "description": null
  },
  {
    "id": "10995",
    "name": "Queso Mantecoso Quilque Envasado Laminado 500 g",
    "brand": "Soprole",
    "category": "lacteos-huevos-y-congelados",
    "price": 6490,
    "price_original": 7390,
    "currency": "CLP",
    "size": null,
    "unit_price": 12980,
    "image_url": "https://jumbocl.vtexassets.com/arquivos/ids/301774-250-250/Queso-Mantecoso-Soprole-Envasado-Laminado-500-g.jpg?v=638776375352670000",
    "productUrl": "https://www.jumbo.cl/quesomantecoso-quilque-28laminasenvaseresellablealvacio500grs-2/p",
    "in_stock": true,
    "promo_text": null,
    "sku": "10995",
    "rating": 4.4,
    "description": null
  },
  {
    "id": "1394",
    "name": "Choclo Tierno La Crianza 400 g",
    "brand": "La Crianza",
    "category": "lacteos-huevos-y-congelados",
    "price": 2290,
    "price_original": null,
    "currency": "CLP",
    "size": null,
    "unit_price": 5725,
    "image_url": "https://jumbocl.vteximg.com.br/arquivos/ids/298574-250-250/Choclo-tierno-400-g.jpg?v=638775754052200000",
    "productUrl": "https://www.jumbo.cl/choclo-la-crianza-bolsa-400-g-premium-tiernos-congelado-2/p",
    "in_stock": true,
    "promo_text": null,
    "sku": "1394",
    "rating": 5,
    "description": null
  },
  {
    "id": "1365",
    "name": "Ensalada Primavera Frutos del Maipo 500 g",
    "brand": "Frutos Del Maipo",
    "category": "lacteos-huevos-y-congelados",
    "price": 1690,
    "price_original": 2250,
    "currency": "CLP",
    "size": null,
    "unit_price": 3380,
    "image_url": "https://jumbocl.vteximg.com.br/arquivos/ids/298558-250-250/Ensalada-Primavera--bolsa-500-g.jpg?v=638775753868700000",
    "productUrl": "https://www.jumbo.cl/ensalada-primavera-frutos-del-maipo-bolsa-500-g-congelado/p",
    "in_stock": true,
    "promo_text": null,
    "sku": "1365",
    "rating": 5,
    "description": null
  },
  {
    "id": "141032",
    "name": "Helado Savory Mega Vainilla y Almendras Multipack 5 un. 300 ml",
    "brand": "Savory",
    "category": "lacteos-huevos-y-congelados",
    "price": 4552,
    "price_original": 5690,
    "currency": "CLP",
    "size": null,
    "unit_price": null,
    "image_url": "https://jumbocl.vteximg.com.br/arquivos/ids/335232-250-250/HEL-MPACK-MEGA-ALMENDRA-5X60ML.jpg?v=638776436256930000",
    "productUrl": "https://www.jumbo.cl/hel-mpack-mega-almendra-5x60ml-2003507/p",
    "in_stock": true,
    "promo_text": "Lleva 2 por $6.500",
    "sku": "141032",
    "rating": 5,
    "description": null
  },
  {
    "id": "79535",
    "name": "Helado Savory Pura Fruta Multipack Frambuesa 50 ml 6 un.",
    "brand": "Savory",
    "category": "lacteos-huevos-y-congelados",
    "price": 4040,
    "price_original": 5050,
    "currency": "CLP",
    "size": null,
    "unit_price": null,
    "image_url": "https://jumbocl.vteximg.com.br/arquivos/ids/310917-250-250/Helado-Savory-Pura-Fruta-Multipack-Frambuesa-50-ml-6-un.jpg?v=638776392512730000",
    "productUrl": "https://www.jumbo.cl/helado-pura-fruta-sin-azucar-frambuesa-6-unid-50-ml-c-u/p",
    "in_stock": true,
    "promo_text": "Lleva 2 por $6.500",
    "sku": "79535",
    "rating": 1,
    "description": null
  },
  {
    "id": "143291",
    "name": "Yogurt Colun Protein Plus Sin Azúcar Frutilla 150 g",
    "brand": "Colun",
    "category": "lacteos-huevos-y-congelados",
    "price": 790,
    "price_original": null,
    "currency": "CLP",
    "size": null,
    "unit_price": 4167,
    "image_url": "https://jumbocl.vteximg.com.br/arquivos/ids/338184-250-250/YOG-COLUN-PROT-PLUS-S-A-FRUTILLA-150G.jpg?v=638776439148400000",
    "productUrl": "https://www.jumbo.cl/yog-colun-prot-plus-s-a-frutilla-150g-2007945/p",
    "in_stock": true,
    "promo_text": "Lleva 4 por $2.500",
    "sku": "143291",
    "rating": null,
    "description": null
  },
  {
    "id": "1273",
    "name": "Helado Crocanty Mini Multipack 50 ml 8 un.",
    "brand": "Savory",
    "category": "lacteos-huevos-y-congelados",
    "price": 3992,
    "price_original": 4990,
    "currency": "CLP",
    "size": null,
    "unit_price": null,
    "image_url": "https://jumbocl.vteximg.com.br/arquivos/ids/298516-250-250/Helado-Crocanty-Mini-Multipack-50-ml-8-un.jpg?v=638775753359600000",
    "productUrl": "https://www.jumbo.cl/helado-savory-50-ml-cu-8-unid-multipack-crocanty/p",
    "in_stock": true,
    "promo_text": "Lleva 2 por $6.500",
    "sku": "1273",
    "rating": null,
    "description": null
  },
  {
    "id": "139018",
    "name": "Multipack Helado Savory Trululu Chocolate Naranja 50 ml 10 un.",
    "brand": "Nestlé",
    "category": "lacteos-huevos-y-congelados",
    "price": 3672,
    "price_original": 4590,
    "currency": "CLP",
    "size": null,
    "unit_price": null,
    "image_url": "https://jumbocl.vteximg.com.br/arquivos/ids/330824-250-250/HEL-MINI-MP-SAVORY-TRULULU-10X50ML.jpg?v=638776432712300000",
    "productUrl": "https://www.jumbo.cl/hel-mini-mp-savory-trululu-10x50ml-2002202/p",
    "in_stock": true,
    "promo_text": "Lleva 2 por $6.500",
    "sku": "139018",
    "rating": 4,
    "description": null
  },
  {
    "id": "1291",
    "name": "Papas Pre Fritas Minuto Verde 1 kg",
    "brand": "Minuto Verde",
    "category": "lacteos-huevos-y-congelados",
    "price": 3992,
    "price_original": 4990,
    "currency": "CLP",
    "size": null,
    "unit_price": 3750,
    "image_url": "https://jumbocl.vteximg.com.br/arquivos/ids/298537-250-250/Papas-Pre-fritas-1-kg.jpg?v=638775753599970000",
    "productUrl": "https://www.jumbo.cl/papas-prefritas-minuto-verde-1-kg/p",
    "in_stock": true,
    "promo_text": "Lleva 2 por $7.500",
    "sku": "1291",
    "rating": 5,
    "description": null
  },
  {
    "id": "6973",
    "name": "Postre Soprole Manjarate Original 80 g",
    "brand": "Soprole",
    "category": "lacteos-huevos-y-congelados",
    "price": 770,
    "price_original": null,
    "currency": "CLP",
    "size": null,
    "unit_price": 8125,
    "image_url": "https://jumbocl.vteximg.com.br/arquivos/ids/348687-250-250/Postre-Manjarate-80-g.jpg?v=638776487497470000",
    "productUrl": "https://www.jumbo.cl/manjarate-soprole-manjar-chocolate-80-g/p",
    "in_stock": true,
    "promo_text": "Lleva 4 por $2.600",
    "sku": "6973",
    "rating": 5,
    "description": null
  },
  {
    "id": "94824",
    "name": "Leche Soprole Proteína Natural 1 L",
    "brand": "Soprole",
    "category": "lacteos-huevos-y-congelados",
    "price": 2550,
    "price_original": null,
    "currency": "CLP",
    "size": null,
    "unit_price": null,
    "image_url": "https://jumbocl.vteximg.com.br/arquivos/ids/368614-250-250/Leche-proteina-semidescremada-natural-1-L.jpg?v=638776773516630000",
    "productUrl": "https://www.jumbo.cl/leche-protein-soprole-blanca-semidesc-1l/p",
    "in_stock": true,
    "promo_text": "4 por 3 a $7.650",
    "sku": "94824",
    "rating": 5,
    "description": null
  },
  {
    "id": "44",
    "name": "Arvejas Frutos del Maipo 500 g",
    "brand": "Frutos Del Maipo",
    "category": "lacteos-huevos-y-congelados",
    "price": 1690,
    "price_original": 2250,
    "currency": "CLP",
    "size": null,
    "unit_price": 3380,
    "image_url": "https://jumbocl.vteximg.com.br/arquivos/ids/297596-250-250/Arvejas-Frutos-del-Maipo-500-g.jpg?v=638775741130070000",
    "productUrl": "https://www.jumbo.cl/arvejas-frutos-del-maipo-bolsa-500-g-congelado/p",
    "in_stock": true,
    "promo_text": null,
    "sku": "44",
    "rating": null,
    "description": null
  },
  {
    "id": "89405",
    "name": "Yogurt Soprole Proteína Trozos Mango Maracuyá 155 g",
    "brand": "Soprole",
    "category": "lacteos-huevos-y-congelados",
    "price": 820,
    "price_original": null,
    "currency": "CLP",
    "size": null,
    "unit_price": 5290,
    "image_url": "https://jumbocl.vteximg.com.br/arquivos/ids/367100-250-250/Yoghurt-proteina-trozos-mango-maracuya-155-g.jpg?v=638776766357700000",
    "productUrl": "https://www.jumbo.cl/yoghurt-protein-trozos-mango-maracuya-155-g/p",
    "in_stock": true,
    "promo_text": "4 por 3 a $2.460",
    "sku": "89405",
    "rating": 5,
    "description": null
  },
  {
    "id": "126808",
    "name": "Yogurt Colun Origen Frutilla 120 g",
    "brand": "Colun",
    "category": "lacteos-huevos-y-congelados",
    "price": 390,
    "price_original": null,
    "currency": "CLP",
    "size": null,
    "unit_price": 2608,
    "image_url": "https://jumbocl.vteximg.com.br/arquivos/ids/392571-250-250/Yoghurt-Colun-Origen-Frutilla-120-g.jpg?v=638776871402600000",
    "productUrl": "https://www.jumbo.cl/yoghurt-colun-origen-120g-frutilla-1959602003/p",
    "in_stock": true,
    "promo_text": "Lleva 8 por $2.500",
    "sku": "126808",
    "rating": null,
    "description": null
  },
  {
    "id": "1290",
    "name": "Papas Duquesas Minuto Verde 1 kg",
    "brand": "Minuto Verde",
    "category": "lacteos-huevos-y-congelados",
    "price": 4152,
    "price_original": 5190,
    "currency": "CLP",
    "size": null,
    "unit_price": 3750,
    "image_url": "https://jumbocl.vteximg.com.br/arquivos/ids/298536-250-250/Papas-Duquesas-1-kg.jpg?v=638775753583700000",
    "productUrl": "https://www.jumbo.cl/papas-duquesas-minuto-verde-1-kg/p",
    "in_stock": true,
    "promo_text": "Lleva 2 por $7.500",
    "sku": "1290",
    "rating": 3.8,
    "description": null
  },
  {
    "id": "156907",
    "name": "Huevo Cuisine & Co Extra Grande Blanco Gallina Libre 12 un.",
    "brand": "Cuisine & Co",
    "category": "lacteos-huevos-y-congelados",
    "price": 4990,
    "price_original": null,
    "currency": "CLP",
    "size": null,
    "unit_price": null,
    "image_url": "https://jumbocl.vteximg.com.br/arquivos/ids/522484-250-250/Huevo-C-Co-Extra-Grande-Blanco-Gallina-Libre-12-un.jpg?v=638959658987770000",
    "productUrl": "https://www.jumbo.cl/huevo-ex-gran-blanco-12u-gall-libre-c-and-co-2045697/p",
    "in_stock": true,
    "promo_text": null,
    "sku": "156907",
    "rating": null,
    "description": null
  },
  {
    "id": "100519",
    "name": "Pack 6 un. Yogurt Batido Soprole Frutilla 115 g",
    "brand": "Soprole",
    "category": "lacteos-huevos-y-congelados",
    "price": 2650,
    "price_original": null,
    "currency": "CLP",
    "size": null,
    "unit_price": 3261,
    "image_url": "https://jumbocl.vteximg.com.br/arquivos/ids/372372-250-250/Pack-6-un-Yoghurt-batido-con-bombilla-frutilla-115-g.jpg?v=638776791047300000",
    "productUrl": "https://www.jumbo.cl/pack-soprole-yoghito-tetra-6x-frutilla-1870402001/p",
    "in_stock": true,
    "promo_text": "Lleva 2 por $4.500",
    "sku": "100519",
    "rating": 5,
    "description": null
  },
  {
    "id": "151111",
    "name": "Leche Soprole Proteína Cappuccino 200 ml",
    "brand": "Soprole",
    "category": "lacteos-huevos-y-congelados",
    "price": 680,
    "price_original": null,
    "currency": "CLP",
    "size": null,
    "unit_price": null,
    "image_url": "https://jumbocl.vteximg.com.br/arquivos/ids/458961-250-250/LECHE-CAPPUC-200ML.jpg?v=638863181662830000",
    "productUrl": "https://www.jumbo.cl/leche-cappuc-200ml-2037858/p",
    "in_stock": true,
    "promo_text": "4 por 3 a $2.040",
    "sku": "151111",
    "rating": null,
    "description": null
  },
  {
    "id": "7229",
    "name": "Yogurt con Cereal Soprole 1+1 Zucaritas 140 g",
    "brand": "Soprole",
    "category": "lacteos-huevos-y-congelados",
    "price": 730,
    "price_original": null,
    "currency": "CLP",
    "size": null,
    "unit_price": 5214,
    "image_url": "https://jumbocl.vteximg.com.br/arquivos/ids/348764-250-250/Yoghurt-con-cereal-Zucaritas-140-g.jpg?v=638776488536270000",
    "productUrl": "https://www.jumbo.cl/yoghurt-1-1-soprole-140-g-zucaritas-con-cuchara/p",
    "in_stock": true,
    "promo_text": null,
    "sku": "7229",
    "rating": null,
    "description": null
  },
  {
    "id": "1266",
    "name": "Barra de Fruta Guallarauco Frambuesa 55 g 8 un.",
    "brand": "Guallarauco",
    "category": "lacteos-huevos-y-congelados",
    "price": 5790,
    "price_original": null,
    "currency": "CLP",
    "size": null,
    "unit_price": null,
    "image_url": "https://jumbocl.vteximg.com.br/arquivos/ids/298511-250-250/Barra-de-fruta-frambuesa-8-x-55-g-c-u.jpg?v=638775753291870000",
    "productUrl": "https://www.jumbo.cl/barra-guallarauco-55-ml-cu-8-unid-chocolateframbuesa/p",
    "in_stock": true,
    "promo_text": "Lleva 2 por $7.990",
    "sku": "1266",
    "rating": 5,
    "description": null
  },
  {
    "id": "6971",
    "name": "Postre Soprole Leche Asada 120 g",
    "brand": "Soprole",
    "category": "lacteos-huevos-y-congelados",
    "price": 680,
    "price_original": null,
    "currency": "CLP",
    "size": null,
    "unit_price": 4792,
    "image_url": "https://jumbocl.vteximg.com.br/arquivos/ids/417303-250-250/Postre-Soprole-Leche-Asada-120-g.jpg?v=638804309291500000",
    "productUrl": "https://www.jumbo.cl/leche-asada-soprole-pote-120-g-2/p",
    "in_stock": true,
    "promo_text": "Lleva 4 por $2.300",
    "sku": "6971",
    "rating": 5,
    "description": null
  },
  {
    "id": "70085",
    "name": "Yogurt Soprole Proteína Maracuyá 155 g",
    "brand": "Soprole",
    "category": "lacteos-huevos-y-congelados",
    "price": 740,
    "price_original": null,
    "currency": "CLP",
    "size": null,
    "unit_price": 4774,
    "image_url": "https://jumbocl.vteximg.com.br/arquivos/ids/362047-250-250/Yoghurt-proteina-maracuya-155-g.jpg?v=638776740784830000",
    "productUrl": "https://www.jumbo.cl/yogurt-soprole-proteina-maracuya-155-g/p",
    "in_stock": true,
    "promo_text": "4 por 3 a $2.220",
    "sku": "70085",
    "rating": 5,
    "description": null
  },
  {
    "id": "126806",
    "name": "Yogurt Colun Origen Vainilla 120 g",
    "brand": "Colun",
    "category": "lacteos-huevos-y-congelados",
    "price": 390,
    "price_original": null,
    "currency": "CLP",
    "size": null,
    "unit_price": 2608,
    "image_url": "https://jumbocl.vteximg.com.br/arquivos/ids/392568-250-250/Yoghurt-Colun-Origen-Vainilla-120-g.jpg?v=638776871402130000",
    "productUrl": "https://www.jumbo.cl/yoghurt-colun-origen-120g-vainilla-1959602002/p",
    "in_stock": true,
    "promo_text": "Lleva 8 por $2.500",
    "sku": "126806",
    "rating": 5,
    "description": null
  },
  {
    "id": "105221",
    "name": "Yogurt Griego Quillayes Proteína Natural 800 g",
    "brand": "Quillayes",
    "category": "lacteos-huevos-y-congelados",
    "price": 4690,
    "price_original": null,
    "currency": "CLP",
    "size": null,
    "unit_price": 5863,
    "image_url": "https://jumbocl.vteximg.com.br/arquivos/ids/314557-250-250/Yogurt-Griego-Quillayes-Proteina-Natural-800-g.jpg?v=638776402252130000",
    "productUrl": "https://www.jumbo.cl/yog-griego-prot-quillayes-natural-800g-1886618/p",
    "in_stock": true,
    "promo_text": null,
    "sku": "105221",
    "rating": 5,
    "description": null
  },
  {
    "id": "110833",
    "name": "Yogurt Soprole Proteína Frutos Secos 150 g",
    "brand": "Soprole",
    "category": "lacteos-huevos-y-congelados",
    "price": 860,
    "price_original": null,
    "currency": "CLP",
    "size": null,
    "unit_price": 5733,
    "image_url": "https://jumbocl.vteximg.com.br/arquivos/ids/377428-250-250/Yoghurt-Cereal-1-1-Pro-frutos-secos-140-g.jpg?v=638776811823770000",
    "productUrl": "https://www.jumbo.cl/yoghurt-cereal-1-1-pro-frutos-secos-140-g/p",
    "in_stock": true,
    "promo_text": "4 por 3 a $2.580",
    "sku": "110833",
    "rating": 5,
    "description": null
  },
  {
    "id": "73011",
    "name": "Yogurt Loncoleche Proteína Frutilla 140 g",
    "brand": "Loncoleche",
    "category": "lacteos-huevos-y-congelados",
    "price": 710,
    "price_original": null,
    "currency": "CLP",
    "size": null,
    "unit_price": 4286,
    "image_url": "https://jumbocl.vteximg.com.br/arquivos/ids/310238-250-250/Yogurt-Protein-Frutilla-140-g.jpg?v=638776391162700000",
    "productUrl": "https://www.jumbo.cl/yoghurt-loncoleche-proteina-frutilla-140-g/p",
    "in_stock": true,
    "promo_text": "Lleva 6 por $3.600",
    "sku": "73011",
    "rating": 5,
    "description": null
  },
  {
    "id": "1374",
    "name": "Primavera de Verduras Minuto Verde Bolsa 500 g",
    "brand": "Minuto Verde",
    "category": "lacteos-huevos-y-congelados",
    "price": 2150,
    "price_original": null,
    "currency": "CLP",
    "size": null,
    "unit_price": 4300,
    "image_url": "https://jumbocl.vteximg.com.br/arquivos/ids/298563-250-250/Primavera-de-verduras-bolsa-500-g.jpg?v=638775753925170000",
    "productUrl": "https://www.jumbo.cl/primavera-de-verduras-minuto-verde-bolsa-500-g-congelado/p",
    "in_stock": true,
    "promo_text": "Lleva 2 por $3.000",
    "sku": "1374",
    "rating": 5,
    "description": null
  },
  {
    "id": "57688",
    "name": "Bebida Láctea Loncoleche Shot Proteína Berries 100 ml",
    "brand": "Loncoleche",
    "category": "lacteos-huevos-y-congelados",
    "price": 642,
    "price_original": null,
    "currency": "CLP",
    "size": null,
    "unit_price": null,
    "image_url": "https://jumbocl.vteximg.com.br/arquivos/ids/360266-250-250/1630180001-01_56582.jpg?v=638776731966170000",
    "productUrl": "https://www.jumbo.cl/bebida-lactea-shot-protein-100ml-berries/p",
    "in_stock": true,
    "promo_text": null,
    "sku": "57688",
    "rating": null,
    "description": null
  },
  {
    "id": "143292",
    "name": "Yogurt Colun Protein Plus Sin Azúcar Chirimoya 150 g",
    "brand": "Colun",
    "category": "lacteos-huevos-y-congelados",
    "price": 790,
    "price_original": null,
    "currency": "CLP",
    "size": null,
    "unit_price": 4167,
    "image_url": "https://jumbocl.vteximg.com.br/arquivos/ids/338223-250-250/YOG-COLUN-PROT-PLUS-S-A-CHIRIMOYA-150G.jpg?v=638776439174200000",
    "productUrl": "https://www.jumbo.cl/yog-colun-prot-plus-s-a-chirimoya-150g-2007946/p",
    "in_stock": true,
    "promo_text": "Lleva 4 por $2.500",
    "sku": "143292",
    "rating": null,
    "description": null
  },
  {
    "id": "7197",
    "name": "Yogurt Soprole Sin Lactosa Frutilla 120 g",
    "brand": "Soprole",
    "category": "lacteos-huevos-y-congelados",
    "price": 380,
    "price_original": null,
    "currency": "CLP",
    "size": null,
    "unit_price": 3167,
    "image_url": "https://jumbocl.vteximg.com.br/arquivos/ids/348754-250-250/Yoghurt-batido-sin-lactosa-frutilla-120-g.jpg?v=638776488419100000",
    "productUrl": "https://www.jumbo.cl/yoghurt-zerolacto-soprole-batido-sabor-frutilla-libre-de-lactosa-120-g-2/p",
    "in_stock": true,
    "promo_text": "Lleva 10 por $3.000",
    "sku": "7197",
    "rating": 5,
    "description": null
  },
  {
    "id": "126809",
    "name": "Yogurt Kéfir Colun Natural 120 g",
    "brand": "Colun",
    "category": "lacteos-huevos-y-congelados",
    "price": 450,
    "price_original": null,
    "currency": "CLP",
    "size": null,
    "unit_price": 3192,
    "image_url": "https://jumbocl.vteximg.com.br/arquivos/ids/392577-250-250/Yoghurt-Kefir-Natural-120-g.jpg?v=638776871452930000",
    "productUrl": "https://www.jumbo.cl/yoghurt-kefir-colun-120g-natural-1961117001/p",
    "in_stock": true,
    "promo_text": "Lleva 6 por $2.300",
    "sku": "126809",
    "rating": 5,
    "description": null
  },
  {
    "id": "141994",
    "name": "Yogurt Soprole Proteína con Avena 155 g",
    "brand": "Soprole",
    "category": "lacteos-huevos-y-congelados",
    "price": 800,
    "price_original": null,
    "currency": "CLP",
    "size": null,
    "unit_price": 5161,
    "image_url": "https://jumbocl.vteximg.com.br/arquivos/ids/336047-250-250/YOG-PROTEIN-TRO-SOPROLE-AVENA-155GR.jpg?v=638776437189370000",
    "productUrl": "https://www.jumbo.cl/yog-protein-tro-soprole-avena-155gr-2007802/p",
    "in_stock": true,
    "promo_text": "4 por 3 a $2.400",
    "sku": "141994",
    "rating": null,
    "description": null
  },
  {
    "id": "100518",
    "name": "Pack 6 un. Yogurt Batido Soprole Vainilla 115 g",
    "brand": "Soprole",
    "category": "lacteos-huevos-y-congelados",
    "price": 2650,
    "price_original": null,
    "currency": "CLP",
    "size": null,
    "unit_price": 3261,
    "image_url": "https://jumbocl.vteximg.com.br/arquivos/ids/372371-250-250/Pack-6-un-Yoghurt-batido-con-bombilla-vainilla-155-g.jpg?v=638776791047000000",
    "productUrl": "https://www.jumbo.cl/pack-soprole-yoghito-tetra-6x1-vainilla-1870402002/p",
    "in_stock": true,
    "promo_text": "Lleva 2 por $4.500",
    "sku": "100518",
    "rating": 5,
    "description": null
  },
  {
    "id": "77366",
    "name": "Yogurt Loncoleche Proteína Vainilla 140 g",
    "brand": "Loncoleche",
    "category": "lacteos-huevos-y-congelados",
    "price": 710,
    "price_original": null,
    "currency": "CLP",
    "size": null,
    "unit_price": 4286,
    "image_url": "https://jumbocl.vteximg.com.br/arquivos/ids/310612-250-250/Yoghurt-Protein-Vainilla-140-g.jpg?v=638776391895800000",
    "productUrl": "https://www.jumbo.cl/yoghurt-proteina-vainilla-140-g/p",
    "in_stock": true,
    "promo_text": "Lleva 6 por $3.600",
    "sku": "77366",
    "rating": 5,
    "description": null
  },
  {
    "id": "151110",
    "name": "Leche Soprole Proteína Cappuccino 1 L",
    "brand": "Soprole",
    "category": "lacteos-huevos-y-congelados",
    "price": 2550,
    "price_original": null,
    "currency": "CLP",
    "size": null,
    "unit_price": null,
    "image_url": "https://jumbocl.vteximg.com.br/arquivos/ids/458960-250-250/LECHE-CAPPUCCIN-1L.jpg?v=638863181653170000",
    "productUrl": "https://www.jumbo.cl/leche-cappuccin-1l-2037857/p",
    "in_stock": true,
    "promo_text": "4 por 3 a $7.650",
    "sku": "151110",
    "rating": null,
    "description": null
  },
  {
    "id": "146820",
    "name": "Yogurt Proteico Soprole Frutilla y Arándano 155 g",
    "brand": "Soprole",
    "category": "lacteos-huevos-y-congelados",
    "price": 800,
    "price_original": null,
    "currency": "CLP",
    "size": null,
    "unit_price": 5161,
    "image_url": "https://jumbocl.vteximg.com.br/arquivos/ids/345807-250-250/Yogurt-Proteico-Soprole-Frutos-del-Bosque-y-Arandano-155-g.jpg?v=638776444996700000",
    "productUrl": "https://www.jumbo.cl/yogurt-prot-tro-soprole-frut-aran-155gr-2026149/p",
    "in_stock": true,
    "promo_text": "4 por 3 a $2.400",
    "sku": "146820",
    "rating": null,
    "description": null
  },
  {
    "id": "144180",
    "name": "Yogurt Loncoleche Proteína Granola 142 g",
    "brand": "Loncoleche",
    "category": "lacteos-huevos-y-congelados",
    "price": 1190,
    "price_original": null,
    "currency": "CLP",
    "size": null,
    "unit_price": 8380,
    "image_url": "https://jumbocl.vteximg.com.br/arquivos/ids/340806-250-250/Yogurt-Loncoleche-Proteina-Granola-142-g.jpg?v=638776441017670000",
    "productUrl": "https://www.jumbo.cl/yog-prot-loncoleche-granola-142gr-2017575/p",
    "in_stock": true,
    "promo_text": null,
    "sku": "144180",
    "rating": 5,
    "description": null
  },
  {
    "id": "135993",
    "name": "Yogurt Nestlé Goodnes Protein Frutilla 140 g",
    "brand": "Nestlé",
    "category": "lacteos-huevos-y-congelados",
    "price": 640,
    "price_original": null,
    "currency": "CLP",
    "size": null,
    "unit_price": 4571,
    "image_url": "https://jumbocl.vteximg.com.br/arquivos/ids/489270-250-250/Yogurt-Nestle-Goodnes-Protein-Frutilla-140-g.jpg?v=638899506767200000",
    "productUrl": "https://www.jumbo.cl/yog-goodnes-protein-140g-frutilla-1993776001/p",
    "in_stock": true,
    "promo_text": null,
    "sku": "135993",
    "rating": 5,
    "description": null
  },
  {
    "id": "7162",
    "name": "Yogurt Batido Soprole Frutilla 120 g",
    "brand": "Soprole",
    "category": "lacteos-huevos-y-congelados",
    "price": 320,
    "price_original": null,
    "currency": "CLP",
    "size": null,
    "unit_price": 2083,
    "image_url": "https://jumbocl.vteximg.com.br/arquivos/ids/348731-250-250/Yoghurt-batido-sabor-frutilla-120-g.jpg?v=638776488115070000",
    "productUrl": "https://www.jumbo.cl/yoghurt-batido-soprole-120-g-frutilla/p",
    "in_stock": true,
    "promo_text": "Lleva 8 por $2.000",
    "sku": "7162",
    "rating": 5,
    "description": null
  },
  {
    "id": "7198",
    "name": "Yogurt Soprole Sin Lactosa Vainilla 120 g",
    "brand": "Soprole",
    "category": "lacteos-huevos-y-congelados",
    "price": 380,
    "price_original": null,
    "currency": "CLP",
    "size": null,
    "unit_price": 3167,
    "image_url": "https://jumbocl.vteximg.com.br/arquivos/ids/348755-250-250/Yoghurt-batido-sin-lactosa-vainilla-120-g.jpg?v=638776488433730000",
    "productUrl": "https://www.jumbo.cl/yoghurt-zerolacto-soprole-batido-sabor-vainilla-libre-de-lactosa-120-g-2/p",
    "in_stock": true,
    "promo_text": "Lleva 10 por $3.000",
    "sku": "7198",
    "rating": 5,
    "description": null
  },
  {
    "id": "7183",
    "name": "Yogurt Batido Soprole Vainilla 120 g",
    "brand": "Soprole",
    "category": "lacteos-huevos-y-congelados",
    "price": 320,
    "price_original": null,
    "currency": "CLP",
    "size": null,
    "unit_price": 2083,
    "image_url": "https://jumbocl.vteximg.com.br/arquivos/ids/348746-250-250/Yoghurt-batido-sabor-vainilla-120-g.jpg?v=638776488313170000",
    "productUrl": "https://www.jumbo.cl/yoghurt-batido-soprole-vainilla-120-g-2/p",
    "in_stock": true,
    "promo_text": "Lleva 8 por $2.000",
    "sku": "7183",
    "rating": null,
    "description": null
  },
  {
    "id": "65513",
    "name": "Leche Soprole Proteína Chocolate 1 L",
    "brand": "Soprole",
    "category": "lacteos-huevos-y-congelados",
    "price": 2620,
    "price_original": null,
    "currency": "CLP",
    "size": null,
    "unit_price": null,
    "image_url": "https://jumbocl.vteximg.com.br/arquivos/ids/361499-250-250/Leche-proteina-chocolate-1-L.jpg?v=638776737587300000",
    "productUrl": "https://www.jumbo.cl/leche-soprole-proteina-chocolate-1-l/p",
    "in_stock": true,
    "promo_text": "4 por 3 a $7.860",
    "sku": "65513",
    "rating": null,
    "description": null
  },
  {
    "id": "149272",
    "name": "Manjar Río Bueno Pote 400 g",
    "brand": "Río Bueno",
    "category": "lacteos-huevos-y-congelados",
    "price": 2190,
    "price_original": 2490,
    "currency": "CLP",
    "size": null,
    "unit_price": 5475,
    "image_url": "https://jumbocl.vteximg.com.br/arquivos/ids/455596-250-250/Manjar-Rio-Bueno-Pote-400-g.jpg?v=638857141001870000",
    "productUrl": "https://www.jumbo.cl/manjar-pote-400-gr-2036099/p",
    "in_stock": true,
    "promo_text": null,
    "sku": "149272",
    "rating": null,
    "description": null
  },
  {
    "id": "84610",
    "name": "Yogurt Colun Protein Plus Frutilla 150 g",
    "brand": "Colun",
    "category": "lacteos-huevos-y-congelados",
    "price": 720,
    "price_original": null,
    "currency": "CLP",
    "size": null,
    "unit_price": 4167,
    "image_url": "https://jumbocl.vteximg.com.br/arquivos/ids/365571-250-250/Yoghurt-protein-plus-squeeze-frutilla-150-g.jpg?v=638776759568630000",
    "productUrl": "https://www.jumbo.cl/yog-protein-plus-squeeze-frutilla/p",
    "in_stock": true,
    "promo_text": "Lleva 4 por $2.500",
    "sku": "84610",
    "rating": 5,
    "description": null
  },
  {
    "id": "120043",
    "name": "Yogurt Soprole Proteína Kiwi Plátano Manzana 155 g",
    "brand": "Soprole",
    "category": "lacteos-huevos-y-congelados",
    "price": 820,
    "price_original": null,
    "currency": "CLP",
    "size": null,
    "unit_price": 5290,
    "image_url": "https://jumbocl.vteximg.com.br/arquivos/ids/385138-250-250/Yoghurt-Protein--Trozos-kiwi-platano-y-manzana-155-g.jpg?v=638776843045900000",
    "productUrl": "https://www.jumbo.cl/yog-protein-tro-soprole-155gr-ki-pl-ma-1787599007/p",
    "in_stock": true,
    "promo_text": "4 por 3 a $2.460",
    "sku": "120043",
    "rating": 5,
    "description": null
  },
  {
    "id": "65512",
    "name": "Leche Soprole Proteína Chocolate 200 ml",
    "brand": "Soprole",
    "category": "lacteos-huevos-y-congelados",
    "price": 680,
    "price_original": null,
    "currency": "CLP",
    "size": null,
    "unit_price": null,
    "image_url": "https://jumbocl.vteximg.com.br/arquivos/ids/361488-250-250/Leche-proteina-chocolate-200-ml.jpg?v=638776737544800000",
    "productUrl": "https://www.jumbo.cl/leche-soprole-proteina-chocolate-200-ml/p",
    "in_stock": true,
    "promo_text": "4 por 3 a $2.040",
    "sku": "65512",
    "rating": 5,
    "description": null
  },
  {
    "id": "84611",
    "name": "Yogurt Colun Protein Plus Vainilla 150 g",
    "brand": "Colun",
    "category": "lacteos-huevos-y-congelados",
    "price": 720,
    "price_original": null,
    "currency": "CLP",
    "size": null,
    "unit_price": 4167,
    "image_url": "https://jumbocl.vteximg.com.br/arquivos/ids/365573-250-250/Yoghurt-protein-plus-squeeze-vainilla-150-g.jpg?v=638776759572070000",
    "productUrl": "https://www.jumbo.cl/yog-protein-plus-squeeze-vainilla/p",
    "in_stock": true,
    "promo_text": "Lleva 4 por $2.500",
    "sku": "84611",
    "rating": 5,
    "description": null
  },
  {
    "id": "139019",
    "name": "Yogurt Proteína Soprole con Granola Berries 150 g",
    "brand": "Soprole",
    "category": "lacteos-huevos-y-congelados",
    "price": 860,
    "price_original": null,
    "currency": "CLP",
    "size": null,
    "unit_price": null,
    "image_url": "https://jumbocl.vteximg.com.br/arquivos/ids/330857-250-250/Yogurt-Proteina-Soprole-con-Granola-Berries-150-g.jpg?v=638776432737770000",
    "productUrl": "https://www.jumbo.cl/yog-cereal-soprole-1-1-protein-granola-1875068005/p",
    "in_stock": true,
    "promo_text": "4 por 3 a $2.580",
    "sku": "139019",
    "rating": 5,
    "description": null
  },
  {
    "id": "119285",
    "name": "Helado Lolly Pop Multipack 50 ml 10 un.",
    "brand": "Savory",
    "category": "lacteos-huevos-y-congelados",
    "price": 3640,
    "price_original": 4550,
    "currency": "CLP",
    "size": null,
    "unit_price": null,
    "image_url": "https://jumbocl.vteximg.com.br/arquivos/ids/316815-250-250/Helado-Lolly-Pop-Multipack-50-ml-10-un.jpg?v=638776410171370000",
    "productUrl": "https://www.jumbo.cl/hel-mpack-savory-mini-lollypop-10x50ml-1938712/p",
    "in_stock": true,
    "promo_text": "Lleva 2 por $6.500",
    "sku": "119285",
    "rating": null,
    "description": null
  },
  {
    "id": "132698",
    "name": "Leche Soprole Protein Vainilla 200 ml",
    "brand": "Soprole",
    "category": "lacteos-huevos-y-congelados",
    "price": 690,
    "price_original": null,
    "currency": "CLP",
    "size": null,
    "unit_price": null,
    "image_url": "https://jumbocl.vteximg.com.br/arquivos/ids/483661-250-250/Leche-Soprole-Protein-Vainilla-200-ml.jpg?v=638888079519600000",
    "productUrl": "https://www.jumbo.cl/leche-soprole-prot-nitro-vainilla-200ml-1983594001/p",
    "in_stock": true,
    "promo_text": "4 por 3 a $2.070",
    "sku": "132698",
    "rating": 5,
    "description": null
  },
  {
    "id": "83704",
    "name": "Leche Cuisine & Co Chocolate 1 L",
    "brand": "Cuisine & Co",
    "category": "lacteos-huevos-y-congelados",
    "price": 1590,
    "price_original": null,
    "currency": "CLP",
    "size": null,
    "unit_price": null,
    "image_url": "https://jumbocl.vteximg.com.br/arquivos/ids/365343-250-250/Leche-chocolate-1-L.jpg?v=638776758401130000",
    "productUrl": "https://www.jumbo.cl/leche-chocolate-1-l-cuisine-and-co-1806089/p",
    "in_stock": true,
    "promo_text": "Lleva 2 por $2.600",
    "sku": "83704",
    "rating": 5,
    "description": null
  },
  {
    "id": "77389",
    "name": "Yogurt Loncoleche Proteína Arándano 140 g",
    "brand": "Loncoleche",
    "category": "lacteos-huevos-y-congelados",
    "price": 710,
    "price_original": null,
    "currency": "CLP",
    "size": null,
    "unit_price": 4286,
    "image_url": "https://jumbocl.vteximg.com.br/arquivos/ids/363915-250-250/Yoghurt-proteina-arandano-140-g.jpg?v=638776751183870000",
    "productUrl": "https://www.jumbo.cl/yoghurt-proteina-arandano-140-g/p",
    "in_stock": true,
    "promo_text": "Lleva 6 por $3.600",
    "sku": "77389",
    "rating": 5,
    "description": null
  },
  {
    "id": "136044",
    "name": "Yogurt Nestlé Goodnes Protein Chirimoya 140 g",
    "brand": "Nestlé",
    "category": "lacteos-huevos-y-congelados",
    "price": 640,
    "price_original": null,
    "currency": "CLP",
    "size": null,
    "unit_price": 4571,
    "image_url": "https://jumbocl.vteximg.com.br/arquivos/ids/503366-250-250/Yogurt-Nestle-Goodnes-Protein-Chirimoya-140-g.jpg?v=638926279023170000",
    "productUrl": "https://www.jumbo.cl/yog-goodnes-protein-140g-chirimoya-1993776003/p",
    "in_stock": true,
    "promo_text": null,
    "sku": "136044",
    "rating": 5,
    "description": null
  },
  {
    "id": "84612",
    "name": "Yogurt Colun Protein Plus Frutilla-Plátano 150 g",
    "brand": "Colun",
    "category": "lacteos-huevos-y-congelados",
    "price": 720,
    "price_original": null,
    "currency": "CLP",
    "size": null,
    "unit_price": 4167,
    "image_url": "https://jumbocl.vteximg.com.br/arquivos/ids/365574-250-250/Yoghurt-protein-plus-squeeze-frutilla-platano-150-g.jpg?v=638776759572830000",
    "productUrl": "https://www.jumbo.cl/yog-protein-plus-squeeze-frut-plat/p",
    "in_stock": true,
    "promo_text": "Lleva 4 por $2.500",
    "sku": "84612",
    "rating": 5,
    "description": null
  },
  {
    "id": "84618",
    "name": "Yogurt Loncoleche Proteína Mango Maracuyá Trozos 140 g",
    "brand": "Loncoleche",
    "category": "lacteos-huevos-y-congelados",
    "price": 770,
    "price_original": null,
    "currency": "CLP",
    "size": null,
    "unit_price": 5500,
    "image_url": "https://jumbocl.vteximg.com.br/arquivos/ids/311569-250-250/Yoghurt-Proteina-Mango-Maracuya-Trozos-140-g.jpg?v=638776394065730000",
    "productUrl": "https://www.jumbo.cl/yogurt-proteina-mango-maracuya-trozos-140-g/p",
    "in_stock": true,
    "promo_text": null,
    "sku": "84618",
    "rating": 5,
    "description": null
  },
  {
    "id": "20502",
    "name": "Yogurt Batido Light & Free Arándano 115 g",
    "brand": "Light & Free",
    "category": "lacteos-huevos-y-congelados",
    "price": 370,
    "price_original": null,
    "currency": "CLP",
    "size": null,
    "unit_price": 3217,
    "image_url": "https://jumbocl.vteximg.com.br/arquivos/ids/304266-250-250/Yogurt-Batido-Light---Free-Arandano-115-g.jpg?v=638776379716970000",
    "productUrl": "https://www.jumbo.cl/yoghurt-light-batido-danone-arandano-115-g/p",
    "in_stock": true,
    "promo_text": null,
    "sku": "20502",
    "rating": 5,
    "description": null
  },
  {
    "id": "7089",
    "name": "Yogurt Batido Light & Free Frutilla 115 g",
    "brand": "Light & Free",
    "category": "lacteos-huevos-y-congelados",
    "price": 370,
    "price_original": null,
    "currency": "CLP",
    "size": null,
    "unit_price": 3217,
    "image_url": "https://jumbocl.vteximg.com.br/arquivos/ids/300530-250-250/Yogurt-Batido-Light---Free-Frutilla-115-g.jpg?v=638776373587100000",
    "productUrl": "https://www.jumbo.cl/yoghurt-batido-light-danone-115-g-frutilla/p",
    "in_stock": true,
    "promo_text": null,
    "sku": "7089",
    "rating": 5,
    "description": null
  },
  {
    "id": "144178",
    "name": "Yogurt Loncoleche Proteína Trozos Frutilla 140 g",
    "brand": "Loncoleche",
    "category": "lacteos-huevos-y-congelados",
    "price": 770,
    "price_original": null,
    "currency": "CLP",
    "size": null,
    "unit_price": 5500,
    "image_url": "https://jumbocl.vteximg.com.br/arquivos/ids/340746-250-250/Yogurt-Loncoleche-Proteina-Trozos-Frutilla-140-g.jpg?v=638776440967370000",
    "productUrl": "https://www.jumbo.cl/yog-prot-loncoleche-trozos-140g-frutill-1836029004/p",
    "in_stock": true,
    "promo_text": null,
    "sku": "144178",
    "rating": null,
    "description": null
  },
  {
    "id": "7060",
    "name": "Yogurt Batido Colun Frutilla 125 g",
    "brand": "Colun",
    "category": "lacteos-huevos-y-congelados",
    "price": 320,
    "price_original": null,
    "currency": "CLP",
    "size": null,
    "unit_price": 2560,
    "image_url": "https://jumbocl.vteximg.com.br/arquivos/ids/348705-250-250/Yoghurt-batido-frutilla-125-g.jpg?v=638776487750300000",
    "productUrl": "https://www.jumbo.cl/yoghurt-batido-colun-frutilla-125-g/p",
    "in_stock": true,
    "promo_text": null,
    "sku": "7060",
    "rating": null,
    "description": null
  },
  {
    "id": "139980",
    "name": "Leche con Chocolate Cuisine & Co 200 cc",
    "brand": "Cuisine & Co",
    "category": "lacteos-huevos-y-congelados",
    "price": 540,
    "price_original": null,
    "currency": "CLP",
    "size": null,
    "unit_price": null,
    "image_url": "https://jumbocl.vteximg.com.br/arquivos/ids/333062-250-250/Leche-con-chocolate-Cuisine---Co-200-cc.jpg?v=638776434559830000",
    "productUrl": "https://www.jumbo.cl/leche-con-chocolate-cuisine-y-ci-200-cc/p",
    "in_stock": true,
    "promo_text": "Lleva 6 por $2.600",
    "sku": "139980",
    "rating": null,
    "description": null
  },
  {
    "id": "83817",
    "name": "Yogurt Batido Light & Free Vainilla 115 g",
    "brand": "Light & Free",
    "category": "lacteos-huevos-y-congelados",
    "price": 370,
    "price_original": null,
    "currency": "CLP",
    "size": null,
    "unit_price": 3217,
    "image_url": "https://jumbocl.vteximg.com.br/arquivos/ids/311475-250-250/Yogurt-Batido-Light---Free-Vainilla-115-g.jpg?v=638776393753200000",
    "productUrl": "https://www.jumbo.cl/yoghurt-batido-light-vainilla-115-g/p",
    "in_stock": true,
    "promo_text": null,
    "sku": "83817",
    "rating": 5,
    "description": null
  },
  {
    "id": "82331",
    "name": "Yogurt Colun Natural No Endulzado 120 g",
    "brand": "Colun",
    "category": "lacteos-huevos-y-congelados",
    "price": 440,
    "price_original": null,
    "currency": "CLP",
    "size": null,
    "unit_price": 3667,
    "image_url": "https://jumbocl.vteximg.com.br/arquivos/ids/311221-250-250/Yoghurt-natural-no-endulzado-120-g.jpg?v=638776393160670000",
    "productUrl": "https://www.jumbo.cl/yog-colun-natural-no-endulzado-120g/p",
    "in_stock": true,
    "promo_text": null,
    "sku": "82331",
    "rating": 5,
    "description": null
  },
  {
    "id": "136046",
    "name": "Yogurt Nestlé Goodnes Protein Natural Endulzado 140 g",
    "brand": "Nestlé",
    "category": "lacteos-huevos-y-congelados",
    "price": 640,
    "price_original": null,
    "currency": "CLP",
    "size": null,
    "unit_price": 4571,
    "image_url": "https://jumbocl.vteximg.com.br/arquivos/ids/503361-250-250/Yogurt-Nestle-Goodnes-Protein-Natural-Endulzado-140-g.jpg?v=638926278987900000",
    "productUrl": "https://www.jumbo.cl/yog-goodnes-protein-140g-nat-endul-1993776002/p",
    "in_stock": true,
    "promo_text": null,
    "sku": "136046",
    "rating": 5,
    "description": null
  },
  {
    "id": "94830",
    "name": "Leche Cuisine & Co Descremada 1 L",
    "brand": "Cuisine & Co",
    "category": "lacteos-huevos-y-congelados",
    "price": 1160,
    "price_original": null,
    "currency": "CLP",
    "size": null,
    "unit_price": null,
    "image_url": "https://jumbocl.vteximg.com.br/arquivos/ids/368620-250-250/Leche-descremada-1-L.jpg?v=638776773546270000",
    "productUrl": "https://www.jumbo.cl/leche-descremada-1-l-cuisine-and-co-1858323/p",
    "in_stock": true,
    "promo_text": "Paga $990",
    "sku": "94830",
    "rating": 4.8,
    "description": null
  },
  {
    "id": "111774",
    "name": "Yogurt Soprole Sin Lactosa Trozos Frutos Secos 155 g",
    "brand": "Soprole",
    "category": "lacteos-huevos-y-congelados",
    "price": 720,
    "price_original": null,
    "currency": "CLP",
    "size": null,
    "unit_price": 4645,
    "image_url": "https://jumbocl.vteximg.com.br/arquivos/ids/378729-250-250/Yoghurt-sin-lactosa-zerolacto-frutos-secos-155-g.jpg?v=638776816628330000",
    "productUrl": "https://www.jumbo.cl/yog-s-lac-soprole-zerolacto-fru-sec-155g-1914744/p",
    "in_stock": true,
    "promo_text": "Lleva 6 por $3.400",
    "sku": "111774",
    "rating": null,
    "description": null
  },
  {
    "id": "7163",
    "name": "Yogurt Soprole Sin Lactosa Chirimoya 120 g",
    "brand": "Soprole",
    "category": "lacteos-huevos-y-congelados",
    "price": 380,
    "price_original": null,
    "currency": "CLP",
    "size": null,
    "unit_price": 3167,
    "image_url": "https://jumbocl.vteximg.com.br/arquivos/ids/348732-250-250/Yoghurt-batido-sin-lactosa-chirimoya-120-g.jpg?v=638776488128630000",
    "productUrl": "https://www.jumbo.cl/yoghurt-batido-soprole-120-g-zerolacto-chirimoya/p",
    "in_stock": true,
    "promo_text": "Lleva 10 por $3.000",
    "sku": "7163",
    "rating": 5,
    "description": null
  },
  {
    "id": "100521",
    "name": "Yogurt con Cereal Soprole 1+1 Mini Cookies 140 g",
    "brand": "Soprole",
    "category": "lacteos-huevos-y-congelados",
    "price": 730,
    "price_original": null,
    "currency": "CLP",
    "size": null,
    "unit_price": 5214,
    "image_url": "https://jumbocl.vteximg.com.br/arquivos/ids/450365-250-250/Yogurt-Con-Cereal-Soprole-1-1-Mini-Cookies-140-g.jpg?v=638845759246000000",
    "productUrl": "https://www.jumbo.cl/yog-soprole-1-1-c-cuchara-mini-cookies-140-g-891081003/p",
    "in_stock": true,
    "promo_text": null,
    "sku": "100521",
    "rating": 5,
    "description": null
  },
  {
    "id": "7090",
    "name": "Yogurt Batido Light & Free Natural Endulzado 115 g",
    "brand": "Light & Free",
    "category": "lacteos-huevos-y-congelados",
    "price": 370,
    "price_original": null,
    "currency": "CLP",
    "size": null,
    "unit_price": 3217,
    "image_url": "https://jumbocl.vteximg.com.br/arquivos/ids/300546-250-250/Yogurt-Batido-Light---Free-Natural-Endulzado-115-g.jpg?v=638776373613430000",
    "productUrl": "https://www.jumbo.cl/yoghurt-batido-light-danone-115-g-natural-endulzante/p",
    "in_stock": true,
    "promo_text": null,
    "sku": "7090",
    "rating": 2.7,
    "description": null
  },
  {
    "id": "6721",
    "name": "Leche Loncoleche Entera Sin Lactosa 1 L",
    "brand": "Loncoleche",
    "category": "lacteos-huevos-y-congelados",
    "price": 1390,
    "price_original": null,
    "currency": "CLP",
    "size": null,
    "unit_price": null,
    "image_url": "https://jumbocl.vteximg.com.br/arquivos/ids/411039-250-250/Leche-Loncoleche-Entera-Sin-Lactosa-1-L.jpg?v=638791097646300000",
    "productUrl": "https://www.jumbo.cl/leche-loncoleche-natural-sin-lactosa-1-l/p",
    "in_stock": true,
    "promo_text": "Paga $1.050",
    "sku": "6721",
    "rating": 5,
    "description": null
  },
  {
    "id": "6722",
    "name": "Leche Loncoleche Semidescremada Sin Lactosa 1 L",
    "brand": "Loncoleche",
    "category": "lacteos-huevos-y-congelados",
    "price": 1390,
    "price_original": null,
    "currency": "CLP",
    "size": null,
    "unit_price": null,
    "image_url": "https://jumbocl.vteximg.com.br/arquivos/ids/543139-250-250/Leche-Loncoleche-Semidescremada-Sin-Lactosa-1-L.jpg?v=638991551440630000",
    "productUrl": "https://www.jumbo.cl/leche-semidescremada-loncoleche-1-l-sin-lactosa-natural-caja-tapa-rosca/p",
    "in_stock": true,
    "promo_text": "Paga $1.050",
    "sku": "6722",
    "rating": 5,
    "description": null
  },
  {
    "id": "63377",
    "name": "Yogurt Griego Oikos Natural Endulzado 110 g",
    "brand": "Oikos",
    "category": "lacteos-huevos-y-congelados",
    "price": 390,
    "price_original": null,
    "currency": "CLP",
    "size": null,
    "unit_price": 3545,
    "image_url": "https://jumbocl.vteximg.com.br/arquivos/ids/361284-250-250/Yoghurt-griego-natural-110-g.jpg?v=638776736506030000",
    "productUrl": "https://www.jumbo.cl/yoghurt-griego-sin-trozos-danone-natural-110-g/p",
    "in_stock": true,
    "promo_text": null,
    "sku": "63377",
    "rating": 5,
    "description": null
  },
  {
    "id": "1406",
    "name": "Poroto Verde Corte Francés Minuto Verde 350 g",
    "brand": "Minuto Verde",
    "category": "lacteos-huevos-y-congelados",
    "price": 1890,
    "price_original": null,
    "currency": "CLP",
    "size": null,
    "unit_price": 5400,
    "image_url": "https://jumbocl.vteximg.com.br/arquivos/ids/298590-250-250/Poroto-verde-corte-frances-350-g.jpg?v=638775754228900000",
    "productUrl": "https://www.jumbo.cl/poroto-verde-corte-frances-minuto-verde-350-g/p",
    "in_stock": true,
    "promo_text": "Lleva 2 por $3.000",
    "sku": "1406",
    "rating": 4.6,
    "description": null
  },
  {
    "id": "6737",
    "name": "Leche Surlat Descremada Sin Lactosa 1 L",
    "brand": "Surlat",
    "category": "lacteos-huevos-y-congelados",
    "price": 1360,
    "price_original": null,
    "currency": "CLP",
    "size": null,
    "unit_price": null,
    "image_url": "https://jumbocl.vteximg.com.br/arquivos/ids/300350-250-250/Leche-Surlat-Descremada-Sin-Lactosa-1-L.jpg?v=638776373113230000",
    "productUrl": "https://www.jumbo.cl/leche-descremada-surlat-caja-1-l-sin-lactosa/p",
    "in_stock": true,
    "promo_text": null,
    "sku": "6737",
    "rating": 4.5,
    "description": null
  },
  {
    "id": "63065",
    "name": "Leche Loncoleche Extra Proteína 1 L",
    "brand": "Loncoleche",
    "category": "lacteos-huevos-y-congelados",
    "price": 2117,
    "price_original": 2490,
    "currency": "CLP",
    "size": null,
    "unit_price": null,
    "image_url": "https://jumbocl.vteximg.com.br/arquivos/ids/361268-250-250/Leche-extra-proteina-1-L.jpg?v=638776736430030000",
    "productUrl": "https://www.jumbo.cl/leche-loncoleche-extra-proteina-1-l/p",
    "in_stock": true,
    "promo_text": "15% dcto.",
    "sku": "63065",
    "rating": 4.5,
    "description": null
  },
  {
    "id": "156297",
    "name": "Yogurt Goodnes Magnesio Natural Endulzado 140 g",
    "brand": "Nestlé",
    "category": "lacteos-huevos-y-congelados",
    "price": 620,
    "price_original": null,
    "currency": "CLP",
    "size": null,
    "unit_price": 3571,
    "image_url": "https://jumbocl.vteximg.com.br/arquivos/ids/538465-250-250/Yogurt-Goodnes-Magnesio-Natural-Endulzado-140-g.jpg?v=638984970423530000",
    "productUrl": "https://www.jumbo.cl/yogurt-goodnes-magnesio-natural-end-140g-2048536/p",
    "in_stock": true,
    "promo_text": "Lleva 2 por $1.000",
    "sku": "156297",
    "rating": null,
    "description": null
  },
  {
    "id": "1030",
    "name": "Pasta de Choclo Minuto Verde 1 kg",
    "brand": "Minuto Verde",
    "category": "lacteos-huevos-y-congelados",
    "price": 4590,
    "price_original": null,
    "currency": "CLP",
    "size": null,
    "unit_price": 3495,
    "image_url": "https://jumbocl.vteximg.com.br/arquivos/ids/298343-250-250/Pasta-de-choclo-1-kg.jpg?v=638775751251700000",
    "productUrl": "https://www.jumbo.cl/pasta-de-choclo-minuto-verde-bolsa-1-kg-congelado/p",
    "in_stock": true,
    "promo_text": "Lleva 2 por $6.990",
    "sku": "1030",
    "rating": 4.8,
    "description": null
  },
  {
    "id": "7067",
    "name": "Yogurt Batido Colun Vainilla 125 g",
    "brand": "Colun",
    "category": "lacteos-huevos-y-congelados",
    "price": 320,
    "price_original": null,
    "currency": "CLP",
    "size": null,
    "unit_price": 2560,
    "image_url": "https://jumbocl.vteximg.com.br/arquivos/ids/348711-250-250/Yoghurt-batido-vainilla-125-g.jpg?v=638776487850070000",
    "productUrl": "https://www.jumbo.cl/yoghurt-batido-colun-vainilla-125-g/p",
    "in_stock": true,
    "promo_text": null,
    "sku": "7067",
    "rating": 5,
    "description": null
  },
  {
    "id": "14660",
    "name": "Pechuga de Pollo Receta del Abuelo Apanada 120 g",
    "brand": "Receta del Abuelo",
    "category": "lacteos-huevos-y-congelados",
    "price": 1350,
    "price_original": null,
    "currency": "CLP",
    "size": null,
    "unit_price": 8333,
    "image_url": "https://jumbocl.vteximg.com.br/arquivos/ids/303474-250-250/Pechuga-de-Pollo-Apanada-Receta-del-Abuelo-120-g.jpg?v=638776377424700000",
    "productUrl": "https://www.jumbo.cl/pechuga-de-pollo-apanada-receta-del-abuelo-120-g/p",
    "in_stock": true,
    "promo_text": "Lleva 3 por $3.000",
    "sku": "14660",
    "rating": 5,
    "description": null
  },
  {
    "id": "141997",
    "name": "Postre Goodnes Protein Caramelo 115 g",
    "brand": "Nestlé",
    "category": "lacteos-huevos-y-congelados",
    "price": 860,
    "price_original": null,
    "currency": "CLP",
    "size": null,
    "unit_price": 7478,
    "image_url": "https://jumbocl.vteximg.com.br/arquivos/ids/489286-250-250/Postre-Goodnes-Protein-Caramelo-115-g.jpg?v=638955422181470000",
    "productUrl": "https://www.jumbo.cl/postre-goodnes-protein-115gr-caram-2009189002/p",
    "in_stock": true,
    "promo_text": null,
    "sku": "141997",
    "rating": 5,
    "description": null
  },
  {
    "id": "134758",
    "name": "Leche Surlat Entera 1 L",
    "brand": "Surlat",
    "category": "lacteos-huevos-y-congelados",
    "price": 1000,
    "price_original": null,
    "currency": "CLP",
    "size": null,
    "unit_price": null,
    "image_url": "https://jumbocl.vteximg.com.br/arquivos/ids/322959-250-250/Leche-Entera-Surlat-1-L.jpg?v=638776426538530000",
    "productUrl": "https://www.jumbo.cl/leche-entera-surlat-b-a-1l-1991554/p",
    "in_stock": true,
    "promo_text": null,
    "sku": "134758",
    "rating": 5,
    "description": null
  },
  {
    "id": "155913",
    "name": "Yogurt Kéfir Soprole Batido Natural 120 g",
    "brand": "Soprole",
    "category": "lacteos-huevos-y-congelados",
    "price": 420,
    "price_original": null,
    "currency": "CLP",
    "size": null,
    "unit_price": 3500,
    "image_url": "https://jumbocl.vteximg.com.br/arquivos/ids/494380-250-250/YOGHURT-SOPROLE-KEFIR-BATI-NATURAL-120GR.jpg?v=638907250103830000",
    "productUrl": "https://www.jumbo.cl/yogurt-soprole-kefir-batido-natural-120-g-2046397/p",
    "in_stock": true,
    "promo_text": "Lleva 6 por $2.000",
    "sku": "155913",
    "rating": null,
    "description": null
  },
  {
    "id": "105350",
    "name": "Hamburguesa de Vacuno A Punto Brisket 185 g",
    "brand": "A Punto",
    "category": "lacteos-huevos-y-congelados",
    "price": 2510,
    "price_original": null,
    "currency": "CLP",
    "size": null,
    "unit_price": null,
    "image_url": "https://jumbocl.vteximg.com.br/arquivos/ids/374849-250-250/HAMBURGUESA-BRISKET-A-PUNTO.jpg?v=638776801163570000",
    "productUrl": "https://www.jumbo.cl/hamburguesa-brisket-a-punto-1897087/p",
    "in_stock": true,
    "promo_text": "Lleva 2 por $3.200",
    "sku": "105350",
    "rating": 4.7,
    "description": null
  },
  {
    "id": "6830",
    "name": "Leche Soprole Sin Lactosa Chocolate 200 ml",
    "brand": "Soprole",
    "category": "lacteos-huevos-y-congelados",
    "price": 580,
    "price_original": null,
    "currency": "CLP",
    "size": null,
    "unit_price": null,
    "image_url": "https://jumbocl.vteximg.com.br/arquivos/ids/459521-250-250/Leche-Soprole-Sin-Lactosa-Chocolate-200-ml.jpg?v=638863192932900000",
    "productUrl": "https://www.jumbo.cl/leche-saborizada-soprole-caja-200-ml-zerolacto-chocolate/p",
    "in_stock": true,
    "promo_text": "Lleva 6 por $2.700",
    "sku": "6830",
    "rating": 5,
    "description": null
  },
  {
    "id": "7111",
    "name": "Multipack 12 un. Yogurt Probiótico Chamyto Frutilla 80 ml",
    "brand": "Chamyto",
    "category": "lacteos-huevos-y-congelados",
    "price": 4890,
    "price_original": null,
    "currency": "CLP",
    "size": null,
    "unit_price": null,
    "image_url": "https://jumbocl.vteximg.com.br/arquivos/ids/300415-250-250/Multipack-12-un-Yogurt-Probiotico-Chamyto-Frutilla-80-ml.jpg?v=638776373357230000",
    "productUrl": "https://www.jumbo.cl/bebida-lactea-nestle-12-unid-80-ml-cu-chamyto-probiotico-frutilla/p",
    "in_stock": true,
    "promo_text": null,
    "sku": "7111",
    "rating": 5,
    "description": null
  },
  {
    "id": "100213",
    "name": "Yogurt Griego Quillayes Proteína Durazno 110 g",
    "brand": "Quillayes",
    "category": "lacteos-huevos-y-congelados",
    "price": 660,
    "price_original": null,
    "currency": "CLP",
    "size": null,
    "unit_price": 6000,
    "image_url": "https://jumbocl.vteximg.com.br/arquivos/ids/372210-250-250/Yoghurt-griego-proteina-durazno.jpg?v=638776790370800000",
    "productUrl": "https://www.jumbo.cl/yoghurt-griego-proteina-durazno/p",
    "in_stock": true,
    "promo_text": null,
    "sku": "100213",
    "rating": 5,
    "description": null
  },
  {
    "id": "128187",
    "name": "Yogurt Colun Light Frambuesa 120 g",
    "brand": "Colun",
    "category": "lacteos-huevos-y-congelados",
    "price": 340,
    "price_original": null,
    "currency": "CLP",
    "size": null,
    "unit_price": 2400,
    "image_url": "https://jumbocl.vteximg.com.br/arquivos/ids/394069-250-250/Yoghurt-Colun-Light-Frambuesa-120-g.jpg?v=638776877300670000",
    "productUrl": "https://www.jumbo.cl/yog-colun-light-120gr-framb-1970302002/p",
    "in_stock": true,
    "promo_text": "Lleva 8 por $2.300",
    "sku": "128187",
    "rating": 5,
    "description": null
  },
  {
    "id": "153691",
    "name": "Yogurt Soprole Yoghito Frambuesa 115 ml 6 un.",
    "brand": "Soprole",
    "category": "lacteos-huevos-y-congelados",
    "price": 2600,
    "price_original": null,
    "currency": "CLP",
    "size": null,
    "unit_price": null,
    "image_url": "https://jumbocl.vteximg.com.br/arquivos/ids/484538-250-250/YOGURT-FRAMBUE-6UN.jpg?v=638889829013000000",
    "productUrl": "https://www.jumbo.cl/yogurt-frambue-6un-2044092/p",
    "in_stock": true,
    "promo_text": "Lleva 2 por $4.500",
    "sku": "153691",
    "rating": null,
    "description": null
  },
  {
    "id": "105351",
    "name": "Hamburguesa de Vacuno A Punto Smoked 185 g",
    "brand": "A Punto",
    "category": "lacteos-huevos-y-congelados",
    "price": 2510,
    "price_original": null,
    "currency": "CLP",
    "size": null,
    "unit_price": null,
    "image_url": "https://jumbocl.vteximg.com.br/arquivos/ids/374858-250-250/HAMBURGUESA-SMOKED-A-PUNTO.jpg?v=638776801192070000",
    "productUrl": "https://www.jumbo.cl/hamburguesa-smoked-a-punto-1897089/p",
    "in_stock": true,
    "promo_text": "Lleva 2 por $3.200",
    "sku": "105351",
    "rating": 5,
    "description": null
  },
  {
    "id": "132687",
    "name": "Leche Soprole Semi Descremada Protein Vainilla 1 L",
    "brand": "Soprole",
    "category": "lacteos-huevos-y-congelados",
    "price": 2490,
    "price_original": null,
    "currency": "CLP",
    "size": null,
    "unit_price": null,
    "image_url": "https://jumbocl.vteximg.com.br/arquivos/ids/533482-250-250/Leche-Soprole-Protein-Nitro-Vainilla-1-L.jpg?v=638979415439500000",
    "productUrl": "https://www.jumbo.cl/leche-soprole-prot-nitro-vainilla-1lt-1983593001/p",
    "in_stock": true,
    "promo_text": "4 por 3 a $7.470",
    "sku": "132687",
    "rating": 4.7,
    "description": null
  },
  {
    "id": "6715",
    "name": "Leche Loncoleche Descremada Sin Lactosa 1 L",
    "brand": "Loncoleche",
    "category": "lacteos-huevos-y-congelados",
    "price": 1390,
    "price_original": null,
    "currency": "CLP",
    "size": null,
    "unit_price": null,
    "image_url": "https://jumbocl.vteximg.com.br/arquivos/ids/408138-250-250/Leche-Loncoleche-Descremada-Sin-Lactosa-1-L.jpg?v=638785543548700000",
    "productUrl": "https://www.jumbo.cl/leche-descremada-loncoleche-1-l-sin-lactosa-caja-tapa-rosca/p",
    "in_stock": true,
    "promo_text": "Paga $1.050",
    "sku": "6715",
    "rating": 3.9,
    "description": null
  },
  {
    "id": "155907",
    "name": "Yogurt Kéfir Soprole Trozos Frutilla 120 g",
    "brand": "Soprole",
    "category": "lacteos-huevos-y-congelados",
    "price": 480,
    "price_original": null,
    "currency": "CLP",
    "size": null,
    "unit_price": 4000,
    "image_url": "https://jumbocl.vteximg.com.br/arquivos/ids/520018-250-250/Yogurt-Kefir-Soprole-Trozos-Frutilla-120-g.jpg?v=638950469562100000",
    "productUrl": "https://www.jumbo.cl/yogurt-soprole-kefir-trozo-frutilla-120-g-2046399/p",
    "in_stock": true,
    "promo_text": "Lleva 6 por $2.300",
    "sku": "155907",
    "rating": null,
    "description": null
  },
  {
    "id": "44026",
    "name": "Pack 12 un. Yogurt Batido Colun 125 g",
    "brand": "Colun",
    "category": "lacteos-huevos-y-congelados",
    "price": 3000,
    "price_original": 3590,
    "currency": "CLP",
    "size": null,
    "unit_price": 2000,
    "image_url": "https://jumbocl.vteximg.com.br/arquivos/ids/496876-250-250/Pack-yoghurt-batido-Colun-12-x-125-g.jpg?v=638912208705630000",
    "productUrl": "https://www.jumbo.cl/pack-yoghurt-batido-colun-12-x-125-g/p",
    "in_stock": true,
    "promo_text": null,
    "sku": "44026",
    "rating": 5,
    "description": null
  },
  {
    "id": "106117",
    "name": "Leche Loncoleche Proteína Capuccino 200 ml",
    "brand": "Loncoleche",
    "category": "lacteos-huevos-y-congelados",
    "price": 578,
    "price_original": 680,
    "currency": "CLP",
    "size": null,
    "unit_price": null,
    "image_url": "https://jumbocl.vteximg.com.br/arquivos/ids/375391-250-250/Leche-Proteina-capuccino-200-ml.jpg?v=638776803387370000",
    "productUrl": "https://www.jumbo.cl/leche-loncoleche-proteina-200ml-cappuc-1892375/p",
    "in_stock": true,
    "promo_text": "15% dcto.",
    "sku": "106117",
    "rating": 5,
    "description": null
  },
  {
    "id": "100158",
    "name": "Yogurt Griego Quillayes Proteína Berries 110 g",
    "brand": "Quillayes",
    "category": "lacteos-huevos-y-congelados",
    "price": 660,
    "price_original": null,
    "currency": "CLP",
    "size": null,
    "unit_price": 6000,
    "image_url": "https://jumbocl.vteximg.com.br/arquivos/ids/372187-250-250/Yoghurt-griego-proteina-berries.jpg?v=638776790281500000",
    "productUrl": "https://www.jumbo.cl/yog-griego-prot-quillayes-tr-1-berries-1865068003/p",
    "in_stock": true,
    "promo_text": null,
    "sku": "100158",
    "rating": null,
    "description": null
  },
  {
    "id": "72985",
    "name": "Pack 6 un. Leche Soprole Proteína Chocolate 200 ml",
    "brand": "Soprole",
    "category": "lacteos-huevos-y-congelados",
    "price": 4080,
    "price_original": null,
    "currency": "CLP",
    "size": null,
    "unit_price": null,
    "image_url": "https://jumbocl.vteximg.com.br/arquivos/ids/362612-250-250/Pack-leche-Soprole-Proteina-chocolate-6-unid-200-ml-c-u.jpg?v=638776743972900000",
    "productUrl": "https://www.jumbo.cl/leche-soprole-proteina-chocolate-200-ml-2/p",
    "in_stock": true,
    "promo_text": "4 por 3 a $12.240",
    "sku": "72985",
    "rating": null,
    "description": null
  },
  {
    "id": "6740",
    "name": "Leche Surlat Semidescremada Sin Lactosa 1 L",
    "brand": "Surlat",
    "category": "lacteos-huevos-y-congelados",
    "price": 1360,
    "price_original": null,
    "currency": "CLP",
    "size": null,
    "unit_price": null,
    "image_url": "https://jumbocl.vteximg.com.br/arquivos/ids/300359-250-250/Leche-Surlat-Semidescremada-Sin-Lactosa-1-L.jpg?v=638776373191670000",
    "productUrl": "https://www.jumbo.cl/leche-semidescremada-surlat-1l-sin-lactosa/p",
    "in_stock": true,
    "promo_text": null,
    "sku": "6740",
    "rating": 4.7,
    "description": null
  },
  {
    "id": "143293",
    "name": "Yogurt Colun Protein Plus Sin Azúcar Natural 150 g",
    "brand": "Colun",
    "category": "lacteos-huevos-y-congelados",
    "price": 790,
    "price_original": null,
    "currency": "CLP",
    "size": null,
    "unit_price": 4167,
    "image_url": "https://jumbocl.vteximg.com.br/arquivos/ids/338263-250-250/YOG-COLUN-PROT-PLUS-S-A-NATURAL-150G.jpg?v=638776439199700000",
    "productUrl": "https://www.jumbo.cl/yog-colun-prot-plus-s-a-natural-150g-2007947/p",
    "in_stock": true,
    "promo_text": "Lleva 4 por $2.500",
    "sku": "143293",
    "rating": null,
    "description": null
  },
  {
    "id": "77564",
    "name": "Yogurt Skyr San Benito Maracuyá 150 g",
    "brand": "San Benito",
    "category": "lacteos-huevos-y-congelados",
    "price": 990,
    "price_original": null,
    "currency": "CLP",
    "size": null,
    "unit_price": 6600,
    "image_url": "https://jumbocl.vteximg.com.br/arquivos/ids/363931-250-250/Yoghurt-skyr-maracuya-150-g.jpg?v=638776751255330000",
    "productUrl": "https://www.jumbo.cl/yog-skyr-san-benito-150grs-maracuya/p",
    "in_stock": true,
    "promo_text": null,
    "sku": "77564",
    "rating": 5,
    "description": null
  },
  {
    "id": "153680",
    "name": "Postre Soprole Arroz con Leche Sin Lactosa 130 g",
    "brand": "Soprole",
    "category": "lacteos-huevos-y-congelados",
    "price": 790,
    "price_original": null,
    "currency": "CLP",
    "size": null,
    "unit_price": 5000,
    "image_url": "https://jumbocl.vteximg.com.br/arquivos/ids/487665-250-250/Postre-Soprole-Arroz-con-Leche-Sin-Lactosa-130-g.jpg?v=638894125295130000",
    "productUrl": "https://www.jumbo.cl/arroz-cn-leche130g-2044090/p",
    "in_stock": true,
    "promo_text": "Lleva 4 por $2.600",
    "sku": "153680",
    "rating": null,
    "description": null
  },
  {
    "id": "75416",
    "name": "Porotos Verdes Congelados 350 g",
    "brand": "Cuisine & Co",
    "category": "lacteos-huevos-y-congelados",
    "price": 1290,
    "price_original": 1490,
    "currency": "CLP",
    "size": null,
    "unit_price": 3686,
    "image_url": "https://jumbocl.vteximg.com.br/arquivos/ids/363142-250-250/Porotos-verdes-congelados-350-g.jpg?v=638776746642900000",
    "productUrl": "https://www.jumbo.cl/porotos-verdes-congelados-350-g-cuisine-and-co-1763682/p",
    "in_stock": true,
    "promo_text": null,
    "sku": "75416",
    "rating": 4.8,
    "description": null
  },
  {
    "id": "1175",
    "name": "Helado San Francisco Suspiro Limeño 1 L",
    "brand": "San Francisco de Loncomilla",
    "category": "lacteos-huevos-y-congelados",
    "price": 7190,
    "price_original": null,
    "currency": "CLP",
    "size": null,
    "unit_price": null,
    "image_url": "https://jumbocl.vteximg.com.br/arquivos/ids/520050-250-250/Helado-San-Francisco-Suspiro-Lime%C3%B1o-1-L.jpg?v=638950469856430000",
    "productUrl": "https://www.jumbo.cl/postre-helado-san-francisco-de-loncomilla-1-l-suspiro-limeno/p",
    "in_stock": true,
    "promo_text": "Lleva 2 por $11.000",
    "sku": "1175",
    "rating": 5,
    "description": null
  },
  {
    "id": "77568",
    "name": "Yogurt Soprole Sin Azúcar Trozos Frutos Secos 155 g",
    "brand": "Soprole",
    "category": "lacteos-huevos-y-congelados",
    "price": 710,
    "price_original": null,
    "currency": "CLP",
    "size": null,
    "unit_price": 3658,
    "image_url": "https://jumbocl.vteximg.com.br/arquivos/ids/411408-250-250/Yogurt-Soprole-Sin-Azucar-Trozos-Frutos-Secos-155-g.jpg?v=638791317177500000",
    "productUrl": "https://www.jumbo.cl/yog-light-soprole-trozo-frut-seco-155gr/p",
    "in_stock": true,
    "promo_text": "Lleva 6 por $3.400",
    "sku": "77568",
    "rating": null,
    "description": null
  },
  {
    "id": "7156",
    "name": "Pack 12 un. Probiótico Uno Multifruta 80 ml",
    "brand": "Soprole",
    "category": "lacteos-huevos-y-congelados",
    "price": 4000,
    "price_original": 4720,
    "currency": "CLP",
    "size": null,
    "unit_price": null,
    "image_url": "https://jumbocl.vteximg.com.br/arquivos/ids/348727-250-250/Pack-12-un-Probiotico-defensas-sabor-multifruta-80-ml.jpg?v=638776488059500000",
    "productUrl": "https://www.jumbo.cl/bebida-lactea-soprole-pack-12-unid-8-uno-multifruta/p",
    "in_stock": true,
    "promo_text": null,
    "sku": "7156",
    "rating": 5,
    "description": null
  },
  {
    "id": "158748",
    "name": "Yogurt Loncoleche Proteína Natural 140 g",
    "brand": "Loncoleche",
    "category": "lacteos-huevos-y-congelados",
    "price": 690,
    "price_original": null,
    "currency": "CLP",
    "size": null,
    "unit_price": 4929,
    "image_url": "https://jumbocl.vteximg.com.br/arquivos/ids/522868-250-250/YOGURT-LONCOLECHE-PROTEIN-NATURAL-140GR.jpg?v=638959818137300000",
    "productUrl": "https://www.jumbo.cl/yogurt-loncoleche-protein-natural-140gr-2050298/p",
    "in_stock": true,
    "promo_text": null,
    "sku": "158748",
    "rating": null,
    "description": null
  },
  {
    "id": "153683",
    "name": "Postre Soprole Sémola Caramelo Sin Lactosa 140 g",
    "brand": "Soprole",
    "category": "lacteos-huevos-y-congelados",
    "price": 740,
    "price_original": null,
    "currency": "CLP",
    "size": null,
    "unit_price": 4643,
    "image_url": "https://jumbocl.vteximg.com.br/arquivos/ids/487662-250-250/Postre-Soprole-Semola-Caramelo-Sin-Lactosa-140-g.jpg?v=638894125272370000",
    "productUrl": "https://www.jumbo.cl/semola-carame-140g-2044088/p",
    "in_stock": true,
    "promo_text": "Lleva 4 por $2.600",
    "sku": "153683",
    "rating": null,
    "description": null
  },
  {
    "id": "157",
    "name": "Yogurt con Cereal Soprole 1+1 Choco Krispis 140 g",
    "brand": "Soprole",
    "category": "lacteos-huevos-y-congelados",
    "price": 730,
    "price_original": null,
    "currency": "CLP",
    "size": null,
    "unit_price": 5214,
    "image_url": "https://jumbocl.vteximg.com.br/arquivos/ids/297683-250-250/Yoghurt-con-cereal-Choco-Krispis-140-g.jpg?v=638775742166300000",
    "productUrl": "https://www.jumbo.cl/yoghurt-1-1-soprole-140-g-choco-krispis-con-cuchara/p",
    "in_stock": true,
    "promo_text": null,
    "sku": "157",
    "rating": 5,
    "description": null
  },
  {
    "id": "153690",
    "name": "Yogurt Soprole Yoghito Damasco 115 ml 6 un.",
    "brand": "Soprole",
    "category": "lacteos-huevos-y-congelados",
    "price": 2600,
    "price_original": null,
    "currency": "CLP",
    "size": null,
    "unit_price": null,
    "image_url": "https://jumbocl.vteximg.com.br/arquivos/ids/484539-250-250/YOGURT-DAMASCO-6UN.jpg?v=638889829020130000",
    "productUrl": "https://www.jumbo.cl/yogurt-damasco-6un-2044093/p",
    "in_stock": true,
    "promo_text": "Lleva 2 por $4.500",
    "sku": "153690",
    "rating": null,
    "description": null
  },
  {
    "id": "132081",
    "name": "Yogurt Soprole Sin Lactosa Chocolate Almendras 155 g",
    "brand": "Soprole",
    "category": "lacteos-huevos-y-congelados",
    "price": 720,
    "price_original": null,
    "currency": "CLP",
    "size": null,
    "unit_price": 4645,
    "image_url": "https://jumbocl.vteximg.com.br/arquivos/ids/399231-250-250/YOG-S-LAC-SOPROLE-ZEROLACTO-CHO-ALM-155G.jpg?v=638776896993200000",
    "productUrl": "https://www.jumbo.cl/yog-s-lac-soprole-zerolacto-cho-alm-155g-1979594/p",
    "in_stock": true,
    "promo_text": "Lleva 4 por $2.200",
    "sku": "132081",
    "rating": null,
    "description": null
  },
  {
    "id": "126582",
    "name": "Huevos del Granero Gallinas Libres Extra Color 20 un.",
    "brand": "Huevos del Granero",
    "category": "lacteos-huevos-y-congelados",
    "price": 7990,
    "price_original": 9120,
    "currency": "CLP",
    "size": null,
    "unit_price": null,
    "image_url": "https://jumbocl.vteximg.com.br/arquivos/ids/391944-250-250/Huevos-del-Granero-Gallina-Libre-Extra-20-un.jpg?v=638776869673730000",
    "productUrl": "https://www.jumbo.cl/huevo-del-granero-gall-libr-extra-20un-1960680/p",
    "in_stock": true,
    "promo_text": null,
    "sku": "126582",
    "rating": 5,
    "description": null
  },
  {
    "id": "137431",
    "name": "Leche Semidescremada Soprole con Avena 1 L",
    "brand": "Soprole",
    "category": "lacteos-huevos-y-congelados",
    "price": 1590,
    "price_original": null,
    "currency": "CLP",
    "size": null,
    "unit_price": null,
    "image_url": "https://jumbocl.vteximg.com.br/arquivos/ids/328048-250-250/LECHE-SOPROLE-AVENA-1LT.jpg?v=638776430500270000",
    "productUrl": "https://www.jumbo.cl/leche-soprole-avena-1lt-1997652/p",
    "in_stock": true,
    "promo_text": "Lleva 2 por $2.900",
    "sku": "137431",
    "rating": 4.5,
    "description": null
  },
  {
    "id": "75525",
    "name": "Yogurt Griego Sin Azúcar con Trozos de Berries Pote 800 g",
    "brand": "Quillayes",
    "category": "lacteos-huevos-y-congelados",
    "price": 3300,
    "price_original": 4150,
    "currency": "CLP",
    "size": null,
    "unit_price": 4125,
    "image_url": "https://jumbocl.vteximg.com.br/arquivos/ids/310341-250-250/Yogurt-Griego-Quillayes-Sin-Azucar-Berries-800-g.jpg?v=638776391358500000",
    "productUrl": "https://www.jumbo.cl/yoghurt-griego-3x0-con-trozos-de-berries-quillayes-800-g/p",
    "in_stock": true,
    "promo_text": null,
    "sku": "75525",
    "rating": 4.3,
    "description": null
  },
  {
    "id": "1401",
    "name": "Choclo Tierno Minuto Verde 400 g",
    "brand": "Minuto Verde",
    "category": "lacteos-huevos-y-congelados",
    "price": 1990,
    "price_original": 2390,
    "currency": "CLP",
    "size": null,
    "unit_price": 4250,
    "image_url": "https://jumbocl.vteximg.com.br/arquivos/ids/298586-250-250/Choclo-tierno-400-g.jpg?v=638775754179030000",
    "productUrl": "https://www.jumbo.cl/choclo-tierno-minuto-verde-bolsa-400-g-congelado-premium-2/p",
    "in_stock": true,
    "promo_text": "Lleva 2 por $3.400",
    "sku": "1401",
    "rating": null,
    "description": null
  },
  {
    "id": "137428",
    "name": "Yogurt Colun Origen Chirimoya 120 g",
    "brand": "Colun",
    "category": "lacteos-huevos-y-congelados",
    "price": 390,
    "price_original": null,
    "currency": "CLP",
    "size": null,
    "unit_price": 2608,
    "image_url": "https://jumbocl.vteximg.com.br/arquivos/ids/327939-250-250/YOGHURT-COLUN-ORIGEN-120G-CHIRIMOYA.jpg?v=638776430407770000",
    "productUrl": "https://www.jumbo.cl/yoghurt-colun-origen-120g-chirimoya-1959602005/p",
    "in_stock": true,
    "promo_text": "Lleva 8 por $2.500",
    "sku": "137428",
    "rating": 5,
    "description": null
  },
  {
    "id": "7246",
    "name": "Yogurt Griego Oikos Colchón de Frutos del Bosque 150 g",
    "brand": "Oikos",
    "category": "lacteos-huevos-y-congelados",
    "price": 760,
    "price_original": null,
    "currency": "CLP",
    "size": null,
    "unit_price": 5067,
    "image_url": "https://jumbocl.vteximg.com.br/arquivos/ids/348766-250-250/Yoghurt-con-trozos-de-fruta-Danone-frutos-del-Bosque-150-g.jpg?v=638776488563270000",
    "productUrl": "https://www.jumbo.cl/yoghurt-con-trozos-de-fruta-danone-150-g-colchon-de-frutas-frutos-del-bosque/p",
    "in_stock": true,
    "promo_text": null,
    "sku": "7246",
    "rating": 5,
    "description": null
  },
  {
    "id": "100099",
    "name": "Yogurt Griego Quillayes Proteína Trozos Frutilla 110 g",
    "brand": "Quillayes",
    "category": "lacteos-huevos-y-congelados",
    "price": 660,
    "price_original": null,
    "currency": "CLP",
    "size": null,
    "unit_price": 6000,
    "image_url": "https://jumbocl.vteximg.com.br/arquivos/ids/372154-250-250/Yoghurt-griego-proteico-trozos-frutilla.jpg?v=638776790113470000",
    "productUrl": "https://www.jumbo.cl/yog-griego-prot-quillayes-tr-frutillas-1865068001/p",
    "in_stock": true,
    "promo_text": null,
    "sku": "100099",
    "rating": 5,
    "description": null
  },
  {
    "id": "155906",
    "name": "Yogurt Kéfir Soprole Batido Berries 120 g",
    "brand": "Soprole",
    "category": "lacteos-huevos-y-congelados",
    "price": 420,
    "price_original": null,
    "currency": "CLP",
    "size": null,
    "unit_price": 3500,
    "image_url": "https://jumbocl.vteximg.com.br/arquivos/ids/494382-250-250/YOGHURT-SOPROLE-KEFIR-BATID-BERRIE-120GR.jpg?v=638907250115200000",
    "productUrl": "https://www.jumbo.cl/yogurt-soprole-kefir-batido-berries-120-g-2046398/p",
    "in_stock": true,
    "promo_text": "Lleva 6 por $2.000",
    "sku": "155906",
    "rating": null,
    "description": null
  },
  {
    "id": "143516",
    "name": "Flan Soprole Zerolacto Vainilla 110 g",
    "brand": "Soprole",
    "category": "lacteos-huevos-y-congelados",
    "price": 480,
    "price_original": null,
    "currency": "CLP",
    "size": null,
    "unit_price": null,
    "image_url": "https://jumbocl.vteximg.com.br/arquivos/ids/339056-250-250/FLAN-SOPRO-ZL-110G.jpg?v=638776439721570000",
    "productUrl": "https://www.jumbo.cl/flan-soprole-zerolacto-vainilla-110-g-2011592002/p",
    "in_stock": true,
    "promo_text": "Lleva 6 por $2.000",
    "sku": "143516",
    "rating": 5,
    "description": null
  },
  {
    "id": "141907",
    "name": "Helado Mega Trio Frambuesa 450 ml",
    "brand": "Savory",
    "category": "lacteos-huevos-y-congelados",
    "price": 5090,
    "price_original": null,
    "currency": "CLP",
    "size": null,
    "unit_price": null,
    "image_url": "https://jumbocl.vteximg.com.br/arquivos/ids/336289-250-250/Helado-Mega-Trio-Frambuesa-450-ml.jpg?v=638776437454970000",
    "productUrl": "https://www.jumbo.cl/hel-savory-mega-trio-frambuesa-450ml-2009072/p",
    "in_stock": true,
    "promo_text": null,
    "sku": "141907",
    "rating": 5,
    "description": null
  },
  {
    "id": "141905",
    "name": "Helado Mega Trio Dulce de Leche 450 ml",
    "brand": "Savory",
    "category": "lacteos-huevos-y-congelados",
    "price": 5090,
    "price_original": null,
    "currency": "CLP",
    "size": null,
    "unit_price": null,
    "image_url": "https://jumbocl.vteximg.com.br/arquivos/ids/336204-250-250/Helado-Mega-Trio-Dulce-de-Leche-450-ml.jpg?v=638776437351430000",
    "productUrl": "https://www.jumbo.cl/hel-savory-mega-trio-dulcedeleche-450ml-2007740/p",
    "in_stock": true,
    "promo_text": null,
    "sku": "141905",
    "rating": 5,
    "description": null
  },
  {
    "id": "155908",
    "name": "Yogurt Kéfir Soprole Trozos Piña 120 g",
    "brand": "Soprole",
    "category": "lacteos-huevos-y-congelados",
    "price": 480,
    "price_original": null,
    "currency": "CLP",
    "size": null,
    "unit_price": 4000,
    "image_url": "https://jumbocl.vteximg.com.br/arquivos/ids/494384-250-250/YOGHURT-SOPROLE-KEFIR-TROZO-PI%C3%91A-120G.jpg?v=638907250135970000",
    "productUrl": "https://www.jumbo.cl/yoghurt-soprole-kefir-trozo-pina-120g-2046400/p",
    "in_stock": true,
    "promo_text": "Lleva 6 por $2.300",
    "sku": "155908",
    "rating": null,
    "description": null
  },
  {
    "id": "6832",
    "name": "Leche Soprole Sin Lactosa Chocolate 1 L",
    "brand": "Soprole",
    "category": "lacteos-huevos-y-congelados",
    "price": 2050,
    "price_original": null,
    "currency": "CLP",
    "size": null,
    "unit_price": null,
    "image_url": "https://jumbocl.vteximg.com.br/arquivos/ids/459468-250-250/Leche-Soprole-Sin-Lactosa-Chocolate-1-L.jpg?v=638863192739600000",
    "productUrl": "https://www.jumbo.cl/leche-semidescremada-soprole-caja-1-l-chocolate-sin-lactosa-tapa-rosca/p",
    "in_stock": true,
    "promo_text": "Lleva 2 por $2.900",
    "sku": "6832",
    "rating": 4.5,
    "description": null
  },
  {
    "id": "1067",
    "name": "Hamburguesa de Vacuno La Crianza Light 1 kg 10 un.",
    "brand": "La Crianza",
    "category": "lacteos-huevos-y-congelados",
    "price": 10447,
    "price_original": 12290,
    "currency": "CLP",
    "size": null,
    "unit_price": 7500,
    "image_url": "https://jumbocl.vteximg.com.br/arquivos/ids/298372-250-250/Hamburguesas-vacuno-light-caja-10-un-1-kg.jpg?v=638775751587070000",
    "productUrl": "https://www.jumbo.cl/hamburguesas-la-crianza-de-vacuno-light-la-crianza-10-unid/p",
    "in_stock": true,
    "promo_text": "Lleva 2 por $15.000",
    "sku": "1067",
    "rating": 4.9,
    "description": null
  },
  {
    "id": "98936",
    "name": "Mantequilla Rumay con Sal 200 g",
    "brand": "Rumay",
    "category": "lacteos-huevos-y-congelados",
    "price": 3150,
    "price_original": null,
    "currency": "CLP",
    "size": null,
    "unit_price": 15750,
    "image_url": "https://jumbocl.vteximg.com.br/arquivos/ids/371832-250-250/Mantequilla-200-g.jpg?v=638776788803730000",
    "productUrl": "https://www.jumbo.cl/mantequilla-rumay-200g-1859972/p",
    "in_stock": true,
    "promo_text": null,
    "sku": "98936",
    "rating": 4.6,
    "description": null
  },
  {
    "id": "135997",
    "name": "Yogurt Activia Semillas-Trozos Durazno Sin Lactosa 140 g",
    "brand": "Activia",
    "category": "lacteos-huevos-y-congelados",
    "price": 580,
    "price_original": null,
    "currency": "CLP",
    "size": null,
    "unit_price": 4143,
    "image_url": "https://jumbocl.vteximg.com.br/arquivos/ids/325138-250-250/YOG-POTE-ACTIVIA-TROZOS-140G-DURAZNO.jpg?v=638776428158400000",
    "productUrl": "https://www.jumbo.cl/yog-pote-activia-trozos-140g-durazno-1993356003/p",
    "in_stock": true,
    "promo_text": null,
    "sku": "135997",
    "rating": null,
    "description": null
  },
  {
    "id": "131414",
    "name": "Arvejas Cuisine & Co 500 g",
    "brand": "Cuisine & Co",
    "category": "lacteos-huevos-y-congelados",
    "price": 1890,
    "price_original": null,
    "currency": "CLP",
    "size": null,
    "unit_price": 3000,
    "image_url": "https://jumbocl.vteximg.com.br/arquivos/ids/320818-250-250/Arvejas-Cuisine---Co-500-g.jpg?v=638776421878230000",
    "productUrl": "https://www.jumbo.cl/arvejas-cuisine-and-co-500g-1953752/p",
    "in_stock": true,
    "promo_text": "Lleva 2 por $3.000",
    "sku": "131414",
    "rating": 4.3,
    "description": null
  },
  {
    "id": "6980",
    "name": "Postre Soprole Sémola Caramelo 140 g",
    "brand": "Soprole",
    "category": "lacteos-huevos-y-congelados",
    "price": 700,
    "price_original": null,
    "currency": "CLP",
    "size": null,
    "unit_price": 5000,
    "image_url": "https://jumbocl.vteximg.com.br/arquivos/ids/411513-250-250/Postre-Soprole-Semola-Caramelo-140-g.jpg?v=638791317917330000",
    "productUrl": "https://www.jumbo.cl/semola-con-leche-soprole-con-salsa-de-caramelo-pote-140-g-2/p",
    "in_stock": true,
    "promo_text": null,
    "sku": "6980",
    "rating": null,
    "description": null
  },
  {
    "id": "81882",
    "name": "Leche Colun Semidescremada Sin Lactosa 1 L",
    "brand": "Colun",
    "category": "lacteos-huevos-y-congelados",
    "price": 1320,
    "price_original": null,
    "currency": "CLP",
    "size": null,
    "unit_price": null,
    "image_url": "https://jumbocl.vteximg.com.br/arquivos/ids/364803-250-250/Leche-semidescremada-sin-lactosa-1-L.jpg?v=638776755748900000",
    "productUrl": "https://www.jumbo.cl/leche-semidescremada-sin-lactosa-1-l/p",
    "in_stock": true,
    "promo_text": null,
    "sku": "81882",
    "rating": 4.5,
    "description": null
  },
  {
    "id": "84963",
    "name": "Arándanos Congelado 400 g",
    "brand": "Cuisine & Co",
    "category": "lacteos-huevos-y-congelados",
    "price": 2993,
    "price_original": 3990,
    "currency": "CLP",
    "size": null,
    "unit_price": 7483,
    "image_url": "https://jumbocl.vteximg.com.br/arquivos/ids/365679-250-250/Arandanos-congelados-400-g.jpg?v=638776760079430000",
    "productUrl": "https://www.jumbo.cl/arandanos-congelado-400-g-cuisine-and-co-1823094/p",
    "in_stock": true,
    "promo_text": "25% dcto.",
    "sku": "84963",
    "rating": 5,
    "description": null
  },
  {
    "id": "7182",
    "name": "Yogurt Batido Soprole Plátano 120 g",
    "brand": "Soprole",
    "category": "lacteos-huevos-y-congelados",
    "price": 320,
    "price_original": null,
    "currency": "CLP",
    "size": null,
    "unit_price": 2083,
    "image_url": "https://jumbocl.vteximg.com.br/arquivos/ids/348745-250-250/Yoghurt-batido-sabor-platano-120-g.jpg?v=638776488299600000",
    "productUrl": "https://www.jumbo.cl/yoghurt-batido-soprole-platano-120-g-2/p",
    "in_stock": true,
    "promo_text": "Lleva 8 por $2.000",
    "sku": "7182",
    "rating": 5,
    "description": null
  },
  {
    "id": "1259",
    "name": "Barra de Fruta Guallarauco Frambuesa 60 g 6 un.",
    "brand": "Guallarauco",
    "category": "lacteos-huevos-y-congelados",
    "price": 5190,
    "price_original": null,
    "currency": "CLP",
    "size": null,
    "unit_price": null,
    "image_url": "https://jumbocl.vteximg.com.br/arquivos/ids/298498-250-250/Barra-de-fruta-frambuesa-6-x-60-g-c-u.jpg?v=638775753134770000",
    "productUrl": "https://www.jumbo.cl/barra-de-fruta-guallarauco-caja-360-cc-6-unid-frambuesa/p",
    "in_stock": true,
    "promo_text": "Lleva 2 por $7.990",
    "sku": "1259",
    "rating": 5,
    "description": null
  },
  {
    "id": "126815",
    "name": "Yogurt Kéfir Colun Piña 120 g",
    "brand": "Colun",
    "category": "lacteos-huevos-y-congelados",
    "price": 450,
    "price_original": null,
    "currency": "CLP",
    "size": null,
    "unit_price": 3192,
    "image_url": "https://jumbocl.vteximg.com.br/arquivos/ids/392578-250-250/Yoghurt-Kefir-Pi%C3%B1a-120-g.jpg?v=638776871454330000",
    "productUrl": "https://www.jumbo.cl/yoghurt-kefir-colun-120g-pina-1961117002/p",
    "in_stock": true,
    "promo_text": "Lleva 6 por $2.300",
    "sku": "126815",
    "rating": null,
    "description": null
  },
  {
    "id": "84962",
    "name": "Frambuesa Congelada 400 g",
    "brand": "Cuisine & Co",
    "category": "lacteos-huevos-y-congelados",
    "price": 3968,
    "price_original": 5290,
    "currency": "CLP",
    "size": null,
    "unit_price": 9920,
    "image_url": "https://jumbocl.vteximg.com.br/arquivos/ids/365677-250-250/Frambuesas-congeladas-400-g.jpg?v=638776760078800000",
    "productUrl": "https://www.jumbo.cl/frambuesa-congelada-400-g-cuisine-and-co-1823093/p",
    "in_stock": true,
    "promo_text": "25% dcto.",
    "sku": "84962",
    "rating": 5,
    "description": null
  },
  {
    "id": "102566",
    "name": "Leche Surlat Entera Sin Lactosa 1 L",
    "brand": "Surlat",
    "category": "lacteos-huevos-y-congelados",
    "price": 1360,
    "price_original": null,
    "currency": "CLP",
    "size": null,
    "unit_price": null,
    "image_url": "https://jumbocl.vteximg.com.br/arquivos/ids/313835-250-250/Leche-entera-sin-lactosa-1-L.jpg?v=638776400644200000",
    "productUrl": "https://www.jumbo.cl/leche-s-l-entera-surlat-1l-1882658/p",
    "in_stock": true,
    "promo_text": null,
    "sku": "102566",
    "rating": 5,
    "description": null
  },
  {
    "id": "94828",
    "name": "Leche Cuisine & Co Entera 1 L",
    "brand": "Cuisine & Co",
    "category": "lacteos-huevos-y-congelados",
    "price": 1160,
    "price_original": null,
    "currency": "CLP",
    "size": null,
    "unit_price": null,
    "image_url": "https://jumbocl.vteximg.com.br/arquivos/ids/368612-250-250/Leche-entera-1-L.jpg?v=638776773513200000",
    "productUrl": "https://www.jumbo.cl/leche-entera-1-l-cuisine-and-co-1858321/p",
    "in_stock": true,
    "promo_text": "Paga $990",
    "sku": "94828",
    "rating": 4.8,
    "description": null
  },
  {
    "id": "959",
    "name": "Nuggets de Pollo La Crianza 400 g",
    "brand": "La Crianza",
    "category": "lacteos-huevos-y-congelados",
    "price": 3690,
    "price_original": null,
    "currency": "CLP",
    "size": null,
    "unit_price": 6875,
    "image_url": "https://jumbocl.vteximg.com.br/arquivos/ids/509403-250-250/Nuggets-de-Pollo-La-Crianza-400-g.jpg?v=638935590111230000",
    "productUrl": "https://www.jumbo.cl/nuggets-de-pollo-la-crianza-400-g/p",
    "in_stock": true,
    "promo_text": "Lleva 2 por $5.500",
    "sku": "959",
    "rating": 4.5,
    "description": null
  },
  {
    "id": "84967",
    "name": "Mango Congelado 500 g",
    "brand": "Cuisine & Co",
    "category": "lacteos-huevos-y-congelados",
    "price": 2993,
    "price_original": 3990,
    "currency": "CLP",
    "size": null,
    "unit_price": 5986,
    "image_url": "https://jumbocl.vteximg.com.br/arquivos/ids/365685-250-250/Mango-congelado-500-g.jpg?v=638776760110370000",
    "productUrl": "https://www.jumbo.cl/mango-congelado-500-g-cuisine-and-co-1823098/p",
    "in_stock": true,
    "promo_text": "25% dcto.",
    "sku": "84967",
    "rating": 4.3,
    "description": null
  },
  {
    "id": "7055",
    "name": "Yogurt Batido Colun Damasco 125 g",
    "brand": "Colun",
    "category": "lacteos-huevos-y-congelados",
    "price": 320,
    "price_original": null,
    "currency": "CLP",
    "size": null,
    "unit_price": 2560,
    "image_url": "https://jumbocl.vteximg.com.br/arquivos/ids/348700-250-250/Yoghurt-batido-Colun-damasco-125-g.jpg?v=638776487673870000",
    "productUrl": "https://www.jumbo.cl/yoghurt-batido-colun-125-g-damasco/p",
    "in_stock": true,
    "promo_text": null,
    "sku": "7055",
    "rating": null,
    "description": null
  },
  {
    "id": "105642",
    "name": "Huevos La Granja Medianos Gallina Libre 18 un.",
    "brand": "La Granja",
    "category": "lacteos-huevos-y-congelados",
    "price": 5640,
    "price_original": null,
    "currency": "CLP",
    "size": null,
    "unit_price": null,
    "image_url": "https://jumbocl.vteximg.com.br/arquivos/ids/375032-250-250/Huevos-medianos-gallina-libre-18-un.jpg?v=638776801875100000",
    "productUrl": "https://www.jumbo.cl/huevo-median-gall-lib-18un-col-la-granja-1892387/p",
    "in_stock": true,
    "promo_text": null,
    "sku": "105642",
    "rating": 4,
    "description": null
  },
  {
    "id": "118064",
    "name": "Pack 6 un. Yogurt Batido Yogu Yogu Mora 115 ml",
    "brand": "Yogu - Yogu",
    "category": "lacteos-huevos-y-congelados",
    "price": 2394,
    "price_original": null,
    "currency": "CLP",
    "size": null,
    "unit_price": 3470,
    "image_url": "https://jumbocl.vteximg.com.br/arquivos/ids/498523-250-250/Pack-6-un-Yogurt-Batido-Yogu-Yogu-Mora-115-ml.jpg?v=638913497990630000",
    "productUrl": "https://www.jumbo.cl/yog-yogu-yogu-tetra-115gr-mora-1934590002-pak/p",
    "in_stock": true,
    "promo_text": null,
    "sku": "118064",
    "rating": 5,
    "description": null
  },
  {
    "id": "130200",
    "name": "Postre Soprole Manjarate Original Sin Lactosa 80 g",
    "brand": "Soprole",
    "category": "lacteos-huevos-y-congelados",
    "price": 820,
    "price_original": null,
    "currency": "CLP",
    "size": null,
    "unit_price": 10250,
    "image_url": "https://jumbocl.vteximg.com.br/arquivos/ids/396463-250-250/Postre-Manjarate-Original-Sin-Lactosa-80-g.jpg?v=638776886934430000",
    "productUrl": "https://www.jumbo.cl/manjarate-soprole-zerolate-80g-1970811/p",
    "in_stock": true,
    "promo_text": "Lleva 4 por $2.600",
    "sku": "130200",
    "rating": 5,
    "description": null
  },
  {
    "id": "1262",
    "name": "Barra de Fruta Guallarauco Mango 60 g 6 un.",
    "brand": "Guallarauco",
    "category": "lacteos-huevos-y-congelados",
    "price": 5190,
    "price_original": null,
    "currency": "CLP",
    "size": null,
    "unit_price": null,
    "image_url": "https://jumbocl.vteximg.com.br/arquivos/ids/298504-250-250/Barra-de-fruta-mango-6-x-60-g-c-u.jpg?v=638775753205530000",
    "productUrl": "https://www.jumbo.cl/barra-de-fruta-guallarauco-caja-360-g-6-unid-mango/p",
    "in_stock": true,
    "promo_text": "Lleva 2 por $7.990",
    "sku": "1262",
    "rating": null,
    "description": null
  },
  {
    "id": "156698",
    "name": "Leche Descremada Surlat Whey Protein Chocolate 1 L",
    "brand": "Surlat",
    "category": "lacteos-huevos-y-congelados",
    "price": 2690,
    "price_original": 2990,
    "currency": "CLP",
    "size": null,
    "unit_price": null,
    "image_url": "https://jumbocl.vteximg.com.br/arquivos/ids/528471-250-250/Leche-Descremada-Surlat-Whey-Protein-Chocolate-1-L.jpg?v=638967406072400000",
    "productUrl": "https://www.jumbo.cl/leche-whey-prot-desc-choco-surlat-1l-2050107/p",
    "in_stock": true,
    "promo_text": null,
    "sku": "156698",
    "rating": null,
    "description": null
  },
  {
    "id": "81879",
    "name": "Leche Colun Descremada Sin Lactosa 1 L",
    "brand": "Colun",
    "category": "lacteos-huevos-y-congelados",
    "price": 1320,
    "price_original": null,
    "currency": "CLP",
    "size": null,
    "unit_price": null,
    "image_url": "https://jumbocl.vteximg.com.br/arquivos/ids/364796-250-250/Leche-descremada-sin-lactosa-1-L.jpg?v=638776755727000000",
    "productUrl": "https://www.jumbo.cl/leche-descremada-sin-lactosa-1-l/p",
    "in_stock": true,
    "promo_text": null,
    "sku": "81879",
    "rating": 5,
    "description": null
  },
  {
    "id": "120600",
    "name": "Helado Mega Frambuesa 650 ml",
    "brand": "Savory",
    "category": "lacteos-huevos-y-congelados",
    "price": 6290,
    "price_original": null,
    "currency": "CLP",
    "size": null,
    "unit_price": null,
    "image_url": "https://jumbocl.vteximg.com.br/arquivos/ids/385734-250-250/Helado-Mega-Delta-frambuesa-650-ml.jpg?v=638776845580870000",
    "productUrl": "https://www.jumbo.cl/hel-savory-mega-delta-frambuesa-650ml-1938271/p",
    "in_stock": true,
    "promo_text": null,
    "sku": "120600",
    "rating": 5,
    "description": null
  },
  {
    "id": "141906",
    "name": "Helado Mega Trio Chocolate 450 ml",
    "brand": "Savory",
    "category": "lacteos-huevos-y-congelados",
    "price": 5090,
    "price_original": null,
    "currency": "CLP",
    "size": null,
    "unit_price": null,
    "image_url": "https://jumbocl.vteximg.com.br/arquivos/ids/336244-250-250/Helado-Mega-Trio-Chocolate-450-ml.jpg?v=638776437399370000",
    "productUrl": "https://www.jumbo.cl/hel-savory-mega-trio-chocolate-450ml-2009071/p",
    "in_stock": true,
    "promo_text": null,
    "sku": "141906",
    "rating": 5,
    "description": null
  },
  {
    "id": "1189",
    "name": "Helado San Francisco Tres Leches 1 L",
    "brand": "San Francisco de Loncomilla",
    "category": "lacteos-huevos-y-congelados",
    "price": 7190,
    "price_original": null,
    "currency": "CLP",
    "size": null,
    "unit_price": null,
    "image_url": "https://jumbocl.vteximg.com.br/arquivos/ids/520046-250-250/Helado-San-Francisco-Tres-Leches-1-L.jpg?v=638950469822530000",
    "productUrl": "https://www.jumbo.cl/postre-helado-san-francisco-de-loncomilla-1-l-tres-leches/p",
    "in_stock": true,
    "promo_text": "Lleva 2 por $11.000",
    "sku": "1189",
    "rating": 5,
    "description": null
  },
  {
    "id": "7179",
    "name": "Yogurt Batido Soprole Frambuesa 120 g",
    "brand": "Soprole",
    "category": "lacteos-huevos-y-congelados",
    "price": 320,
    "price_original": null,
    "currency": "CLP",
    "size": null,
    "unit_price": 2083,
    "image_url": "https://jumbocl.vteximg.com.br/arquivos/ids/348743-250-250/Yoghurt-batido-sabor-frambuesa-120-g.jpg?v=638776488274670000",
    "productUrl": "https://www.jumbo.cl/yoghurt-batido-soprole-frambuesa-120-g-2/p",
    "in_stock": true,
    "promo_text": "Lleva 8 por $2.000",
    "sku": "7179",
    "rating": null,
    "description": null
  },
  {
    "id": "127712",
    "name": "Margarina Cuisine & Co Mix 450 g",
    "brand": "Cuisine & Co",
    "category": "lacteos-huevos-y-congelados",
    "price": 3190,
    "price_original": null,
    "currency": "CLP",
    "size": null,
    "unit_price": 7089,
    "image_url": "https://jumbocl.vteximg.com.br/arquivos/ids/393495-250-250/MARG-MIX-450G-C-CO.jpg?v=638776874777170000",
    "productUrl": "https://www.jumbo.cl/marg-mix-450g-c-y-co/p",
    "in_stock": true,
    "promo_text": null,
    "sku": "127712",
    "rating": 4.5,
    "description": null
  },
  {
    "id": "128180",
    "name": "Yogurt Colun Sin Lactosa Chirimoya 120 g",
    "brand": "Colun",
    "category": "lacteos-huevos-y-congelados",
    "price": 370,
    "price_original": null,
    "currency": "CLP",
    "size": null,
    "unit_price": 3083,
    "image_url": "https://jumbocl.vteximg.com.br/arquivos/ids/319963-250-250/Yoghurt-Sin-Lactosa-Chirimoya-120-g.jpg?v=638776418480170000",
    "productUrl": "https://www.jumbo.cl/yog-colun-light-sin-lact-120gr-chirimo-1972072003/p",
    "in_stock": true,
    "promo_text": null,
    "sku": "128180",
    "rating": null,
    "description": null
  },
  {
    "id": "69062",
    "name": "Pack 6 un. Leche Colun Light Chocolate 200 ml",
    "brand": "Colun",
    "category": "lacteos-huevos-y-congelados",
    "price": 3000,
    "price_original": 3840,
    "currency": "CLP",
    "size": null,
    "unit_price": null,
    "image_url": "https://jumbocl.vteximg.com.br/arquivos/ids/361953-250-250/Pack-leche-Colun-light-chocolate-200-ml-6-unid.jpg?v=638776740225200000",
    "productUrl": "https://www.jumbo.cl/leche-colun-light-cj-200-cc-chocolate/p",
    "in_stock": true,
    "promo_text": "Paga $2.700",
    "sku": "69062",
    "rating": 5,
    "description": null
  },
  {
    "id": "6872",
    "name": "Mantequilla Colun 200 g",
    "brand": "Colun",
    "category": "lacteos-huevos-y-congelados",
    "price": 3290,
    "price_original": 3650,
    "currency": "CLP",
    "size": null,
    "unit_price": 16450,
    "image_url": "https://jumbocl.vteximg.com.br/arquivos/ids/348622-250-250/Mantequilla-200-g.jpg?v=638776486618630000",
    "productUrl": "https://www.jumbo.cl/mantequilla-colun-pote-200-g-con-sal/p",
    "in_stock": true,
    "promo_text": null,
    "sku": "6872",
    "rating": 5,
    "description": null
  },
  {
    "id": "1180",
    "name": "Helado San Francisco Frambuesas A La Crema 1 L",
    "brand": "San Francisco de Loncomilla",
    "category": "lacteos-huevos-y-congelados",
    "price": 7190,
    "price_original": null,
    "currency": "CLP",
    "size": null,
    "unit_price": null,
    "image_url": "https://jumbocl.vteximg.com.br/arquivos/ids/520058-250-250/Helado-San-Francisco-Frambuesas-A-La-Crema-1-L.jpg?v=638950469919770000",
    "productUrl": "https://www.jumbo.cl/postre-helado-san-francisco-de-loncomilla-1-l-frambuesa-a-la-crema/p",
    "in_stock": true,
    "promo_text": "Lleva 2 por $11.000",
    "sku": "1180",
    "rating": 5,
    "description": null
  },
  {
    "id": "1267",
    "name": "Barra de Fruta Guallarauco Naranja Frutilla 55 g 8 un.",
    "brand": "Guallarauco",
    "category": "lacteos-huevos-y-congelados",
    "price": 5790,
    "price_original": null,
    "currency": "CLP",
    "size": null,
    "unit_price": null,
    "image_url": "https://jumbocl.vteximg.com.br/arquivos/ids/298515-250-250/Barra-de-fruta-naranja-frutilla-8-x-55-g-c-u.jpg?v=638775753343870000",
    "productUrl": "https://www.jumbo.cl/barra-guallarauco-55-ml-cu-8-unid-chocolatefrutillanaranja/p",
    "in_stock": true,
    "promo_text": "Lleva 2 por $7.990",
    "sku": "1267",
    "rating": 5,
    "description": null
  },
  {
    "id": "7146",
    "name": "Yogurt Griego Sin Lactosa con Trozos de Papaya Pote 110 g",
    "brand": "Quillayes",
    "category": "lacteos-huevos-y-congelados",
    "price": 600,
    "price_original": null,
    "currency": "CLP",
    "size": null,
    "unit_price": 5455,
    "image_url": "https://jumbocl.vteximg.com.br/arquivos/ids/300464-250-250/Yogurt-Griego-Quillayes-Sin-Lactosa-Papaya-110-g.jpg?v=638776373471300000",
    "productUrl": "https://www.jumbo.cl/yoghurt-quillayes-110-g-griego-sin-lactosa-sabor-papaya/p",
    "in_stock": true,
    "promo_text": null,
    "sku": "7146",
    "rating": 5,
    "description": null
  },
  {
    "id": "143517",
    "name": "Flan Soprole Zerolacto Caramelo 110 g",
    "brand": "Soprole",
    "category": "lacteos-huevos-y-congelados",
    "price": 480,
    "price_original": null,
    "currency": "CLP",
    "size": null,
    "unit_price": null,
    "image_url": "https://jumbocl.vteximg.com.br/arquivos/ids/339119-250-250/FLAN-SOPRO-ZL-110G.jpg?v=638776439759430000",
    "productUrl": "https://www.jumbo.cl/flan-soprole-zerolacto-caramelo-110-g-2011592001/p",
    "in_stock": true,
    "promo_text": "Lleva 6 por $2.000",
    "sku": "143517",
    "rating": 5,
    "description": null
  },
  {
    "id": "1181",
    "name": "Helado San Francisco Lúcuma Manjar 1 L",
    "brand": "San Francisco de Loncomilla",
    "category": "lacteos-huevos-y-congelados",
    "price": 7190,
    "price_original": null,
    "currency": "CLP",
    "size": null,
    "unit_price": null,
    "image_url": "https://jumbocl.vteximg.com.br/arquivos/ids/520056-250-250/Helado-San-Francisco-Lucuma-Manjar-1-L.jpg?v=638950469904700000",
    "productUrl": "https://www.jumbo.cl/postre-helado-san-francisco-de-loncomilla-1-l-lucuma-manjar/p",
    "in_stock": true,
    "promo_text": "Lleva 2 por $11.000",
    "sku": "1181",
    "rating": 5,
    "description": null
  },
  {
    "id": "98358",
    "name": "Papas Duquesas 1 kg",
    "brand": "Cuisine & Co",
    "category": "lacteos-huevos-y-congelados",
    "price": 3990,
    "price_original": null,
    "currency": "CLP",
    "size": null,
    "unit_price": 3000,
    "image_url": "https://jumbocl.vteximg.com.br/arquivos/ids/370584-250-250/Papas-duquesas-1-kg.jpg?v=638776783185200000",
    "productUrl": "https://www.jumbo.cl/papas-duquesas-1-kg-cuisine-and-co-1861055/p",
    "in_stock": true,
    "promo_text": "Lleva 2 por $6.000",
    "sku": "98358",
    "rating": 4.7,
    "description": null
  },
  {
    "id": "147179",
    "name": "Leche Soprole Sin Lactosa Zerolacto Frutilla 1 L",
    "brand": "Soprole",
    "category": "lacteos-huevos-y-congelados",
    "price": 2050,
    "price_original": null,
    "currency": "CLP",
    "size": null,
    "unit_price": null,
    "image_url": "https://jumbocl.vteximg.com.br/arquivos/ids/459778-250-250/Leche-Soprole-Sin-Lactosa-Zerolacto-Frutilla-1-L.jpg?v=638863193817770000",
    "productUrl": "https://www.jumbo.cl/leche-s-l-soprole-frutilla-zerolacto-1lt-2026151/p",
    "in_stock": true,
    "promo_text": "Lleva 2 por $2.900",
    "sku": "147179",
    "rating": null,
    "description": null
  },
  {
    "id": "98355",
    "name": "Papas Pre Fritas 1 kg",
    "brand": "Cuisine & Co",
    "category": "lacteos-huevos-y-congelados",
    "price": 3890,
    "price_original": null,
    "currency": "CLP",
    "size": null,
    "unit_price": 3000,
    "image_url": "https://jumbocl.vteximg.com.br/arquivos/ids/370576-250-250/Papas-pre-fritas-1-kg.jpg?v=638776783134800000",
    "productUrl": "https://www.jumbo.cl/papas-pre-fritas-1-kg-cuisine-and-co-1861054/p",
    "in_stock": true,
    "promo_text": "Lleva 2 por $6.000",
    "sku": "98355",
    "rating": 4.9,
    "description": null
  },
  {
    "id": "136007",
    "name": "Yogurt Activia Trozos Frutos del Bosque Sin Lactosa 140 g",
    "brand": "Activia",
    "category": "lacteos-huevos-y-congelados",
    "price": 580,
    "price_original": null,
    "currency": "CLP",
    "size": null,
    "unit_price": 4143,
    "image_url": "https://jumbocl.vteximg.com.br/arquivos/ids/325528-250-250/YOG-POTE-ACTIVIA-TROZOS-FRUT-DEL-BOSQUE.jpg?v=638776428433830000",
    "productUrl": "https://www.jumbo.cl/yog-pote-activia-trozos-frut-del-bosque-1993356005/p",
    "in_stock": true,
    "promo_text": null,
    "sku": "136007",
    "rating": 5,
    "description": null
  },
  {
    "id": "50094",
    "name": "Yogurt Soprole Sin Azúcar Trozos Papaya 155 g",
    "brand": "Soprole",
    "category": "lacteos-huevos-y-congelados",
    "price": 710,
    "price_original": null,
    "currency": "CLP",
    "size": null,
    "unit_price": 3658,
    "image_url": "https://jumbocl.vteximg.com.br/arquivos/ids/411405-250-250/Yogurt-Soprole-Sin-Azucar-Trozos-Papaya-155-g.jpg?v=638791317146030000",
    "productUrl": "https://www.jumbo.cl/yoghurt-light-soprole-155-g-trozo-papaya/p",
    "in_stock": true,
    "promo_text": "Lleva 6 por $3.400",
    "sku": "50094",
    "rating": 5,
    "description": null
  },
  {
    "id": "135223",
    "name": "Yogurt Danone Oikos Choco Crunch 142 g",
    "brand": "Oikos",
    "category": "lacteos-huevos-y-congelados",
    "price": 1120,
    "price_original": null,
    "currency": "CLP",
    "size": null,
    "unit_price": 7887,
    "image_url": "https://jumbocl.vteximg.com.br/arquivos/ids/323721-250-250/YOGURT-OIKOS-CHOCO-CRUNCH-142GR.jpg?v=638776427095000000",
    "productUrl": "https://www.jumbo.cl/yogurt-oikos-choco-crunch-142gr-1992225/p",
    "in_stock": true,
    "promo_text": null,
    "sku": "135223",
    "rating": 5,
    "description": null
  },
  {
    "id": "132695",
    "name": "Pack 6 un. Leche Soprole Protein Vainilla 200 ml",
    "brand": "Soprole",
    "category": "lacteos-huevos-y-congelados",
    "price": 4080,
    "price_original": null,
    "currency": "CLP",
    "size": null,
    "unit_price": null,
    "image_url": "https://jumbocl.vteximg.com.br/arquivos/ids/483667-250-250/Pack-6-un-Leche-Soprole-Protein-Vainilla-200-ml.jpg?v=638888079541130000",
    "productUrl": "https://www.jumbo.cl/leche-soprole-prot-nitro-vainilla-200ml-1983594001-pak/p",
    "in_stock": true,
    "promo_text": "4 por 3 a $12.240",
    "sku": "132695",
    "rating": null,
    "description": null
  },
  {
    "id": "1384",
    "name": "Sofrito Frutos del Maipo 150 g",
    "brand": "Frutos Del Maipo",
    "category": "lacteos-huevos-y-congelados",
    "price": 940,
    "price_original": null,
    "currency": "CLP",
    "size": null,
    "unit_price": 6267,
    "image_url": "https://jumbocl.vteximg.com.br/arquivos/ids/298570-250-250/Sofrito-Frutos-del-Maipo-150-g.jpg?v=638775754009870000",
    "productUrl": "https://www.jumbo.cl/sofrito-frutos-del-maipo-bolsa-150-g-congelado-100-natural-2/p",
    "in_stock": true,
    "promo_text": null,
    "sku": "1384",
    "rating": 5,
    "description": null
  },
  {
    "id": "139933",
    "name": "Pack 6 un. Leche con Chocolate Cuisine & Co 200 cc",
    "brand": "Cuisine & Co",
    "category": "lacteos-huevos-y-congelados",
    "price": 2994,
    "price_original": null,
    "currency": "CLP",
    "size": null,
    "unit_price": null,
    "image_url": "https://jumbocl.vteximg.com.br/arquivos/ids/332772-250-250/Pack-6-un-Leche-con-chocolate-Cuisine---Co-200-cc.jpg?v=638776434317230000",
    "productUrl": "https://www.jumbo.cl/pack-6-un-leche-con-chocolate-cuisine-y-co-200-cc/p",
    "in_stock": true,
    "promo_text": null,
    "sku": "139933",
    "rating": null,
    "description": null
  },
  {
    "id": "1179",
    "name": "Helado San Francisco Chocolate Nuss 1 L",
    "brand": "San Francisco de Loncomilla",
    "category": "lacteos-huevos-y-congelados",
    "price": 7190,
    "price_original": null,
    "currency": "CLP",
    "size": null,
    "unit_price": null,
    "image_url": "https://jumbocl.vteximg.com.br/arquivos/ids/520060-250-250/Helado-San-Francisco-Chocolate-Nuss-1-L.jpg?v=638950469942700000",
    "productUrl": "https://www.jumbo.cl/postre-helado-san-francisco-de-loncomilla-1-l-chocolate-nuss-premium/p",
    "in_stock": true,
    "promo_text": "Lleva 2 por $11.000",
    "sku": "1179",
    "rating": 5,
    "description": null
  },
  {
    "id": "112211",
    "name": "Yogurt de Pajarito Ghali Vainilla 400 g",
    "brand": "Ghali",
    "category": "lacteos-huevos-y-congelados",
    "price": 3990,
    "price_original": null,
    "currency": "CLP",
    "size": null,
    "unit_price": 9975,
    "image_url": "https://jumbocl.vteximg.com.br/arquivos/ids/379244-250-250/YOG-PAJARITOS-SABOR-VAINILLA-400GR.jpg?v=638776818474130000",
    "productUrl": "https://www.jumbo.cl/yog-pajaritos-sabor-vainilla-400gr-1919105/p",
    "in_stock": true,
    "promo_text": null,
    "sku": "112211",
    "rating": 5,
    "description": null
  },
  {
    "id": "63378",
    "name": "Yogurt Griego Oikos Frutilla 110 g",
    "brand": "Oikos",
    "category": "lacteos-huevos-y-congelados",
    "price": 390,
    "price_original": null,
    "currency": "CLP",
    "size": null,
    "unit_price": 3545,
    "image_url": "https://jumbocl.vteximg.com.br/arquivos/ids/361294-250-250/Yoghurt-griego-frutilla-110-g.jpg?v=638776736538970000",
    "productUrl": "https://www.jumbo.cl/yoghurt-griego-sin-trozos-danone-frutilla-110-g/p",
    "in_stock": true,
    "promo_text": null,
    "sku": "63378",
    "rating": 5,
    "description": null
  },
  {
    "id": "1183",
    "name": "Helado San Francisco Papayas A La Crema 1 L",
    "brand": "San Francisco de Loncomilla",
    "category": "lacteos-huevos-y-congelados",
    "price": 7190,
    "price_original": null,
    "currency": "CLP",
    "size": null,
    "unit_price": null,
    "image_url": "https://jumbocl.vteximg.com.br/arquivos/ids/520052-250-250/Helado-San-Francisco-Papayas-A-La-Crema-1-L.jpg?v=638950469870830000",
    "productUrl": "https://www.jumbo.cl/postre-helado-san-francisco-de-loncomilla-1-l-papayas-a-la-crema/p",
    "in_stock": true,
    "promo_text": "Lleva 2 por $11.000",
    "sku": "1183",
    "rating": null,
    "description": null
  },
  {
    "id": "102834",
    "name": "Helado San Francisco Multipack 0% Azúcar Choco Vainilla 70 g 5 un.",
    "brand": "San Francisco de Loncomilla",
    "category": "lacteos-huevos-y-congelados",
    "price": 5590,
    "price_original": null,
    "currency": "CLP",
    "size": null,
    "unit_price": 15971,
    "image_url": "https://jumbocl.vteximg.com.br/arquivos/ids/523857-250-250/Helado-San-Francisco-Multipack-0--Azucar-Choco-Vainilla-70-g-5-un.jpg?v=638959916855300000",
    "productUrl": "https://www.jumbo.cl/hel-mpack-sn-franc-0-choc-vain-70gx5un-1881646/p",
    "in_stock": true,
    "promo_text": null,
    "sku": "102834",
    "rating": 4.8,
    "description": null
  },
  {
    "id": "119360",
    "name": "Helado San Francisco Multipack Frutos del Bosque con Chocolate 75 g 5 un.",
    "brand": "San Francisco de Loncomilla",
    "category": "lacteos-huevos-y-congelados",
    "price": 5590,
    "price_original": null,
    "currency": "CLP",
    "size": null,
    "unit_price": 14907,
    "image_url": "https://jumbocl.vteximg.com.br/arquivos/ids/523884-250-250/Helado-San-Francisco-Multipack-Frutos-del-Bosque-con-Chocolate-75-g-5-un.jpg?v=638959917005930000",
    "productUrl": "https://www.jumbo.cl/hel-mpack-sn-franc-0-azu-frut-bosq-5x75g-1938191/p",
    "in_stock": true,
    "promo_text": null,
    "sku": "119360",
    "rating": 5,
    "description": null
  },
  {
    "id": "103601",
    "name": "Huevos del Granero Gallinas Libres Grandes 12 un.",
    "brand": "Huevos del Granero",
    "category": "lacteos-huevos-y-congelados",
    "price": 5200,
    "price_original": null,
    "currency": "CLP",
    "size": null,
    "unit_price": null,
    "image_url": "https://jumbocl.vteximg.com.br/arquivos/ids/314239-250-250/Huevos-Del-Granero-Gallinas-Libres-Grandes-12-un.jpg?v=638776401512030000",
    "productUrl": "https://www.jumbo.cl/huevo-del-granero-gall-libr-grande-12un-1880232/p",
    "in_stock": true,
    "promo_text": null,
    "sku": "103601",
    "rating": 4.3,
    "description": null
  },
  {
    "id": "141995",
    "name": "Pack 4 un. Jalea Loncoleche Proteína Piña 100 g",
    "brand": "Loncoleche",
    "category": "lacteos-huevos-y-congelados",
    "price": 2400,
    "price_original": 2820,
    "currency": "CLP",
    "size": null,
    "unit_price": 6000,
    "image_url": "https://jumbocl.vteximg.com.br/arquivos/ids/336076-250-250/JALEA-LONCO-PROTEIN-PACK-4X100GR-PI%C3%91A.jpg?v=638776437222070000",
    "productUrl": "https://www.jumbo.cl/jalea-lonco-protein-pack-4x100gr-pina-2009181002/p",
    "in_stock": true,
    "promo_text": null,
    "sku": "141995",
    "rating": 5,
    "description": null
  },
  {
    "id": "1056",
    "name": "Hamburguesa de Pollo La Crianza 1 kg 10 un.",
    "brand": "La Crianza",
    "category": "lacteos-huevos-y-congelados",
    "price": 9767,
    "price_original": 11490,
    "currency": "CLP",
    "size": null,
    "unit_price": 7500,
    "image_url": "https://jumbocl.vteximg.com.br/arquivos/ids/298352-250-250/Hamburguesas-pollo-caja-10-un-1-kg.jpg?v=638775751374030000",
    "productUrl": "https://www.jumbo.cl/hamburguesa-de-pollo-la-crianza-caja-10-unid-congelado-premium-2/p",
    "in_stock": true,
    "promo_text": "Lleva 2 por $15.000",
    "sku": "1056",
    "rating": 5,
    "description": null
  },
  {
    "id": "124111",
    "name": "Margarina Cuisine & Co Cremosa 500 g",
    "brand": "Cuisine & Co",
    "category": "lacteos-huevos-y-congelados",
    "price": 2000,
    "price_original": 2350,
    "currency": "CLP",
    "size": null,
    "unit_price": 4000,
    "image_url": "https://jumbocl.vteximg.com.br/arquivos/ids/318532-250-250/Margarina-Cremosa-500-g.jpg?v=638776414711000000",
    "productUrl": "https://www.jumbo.cl/margarina-crem-500gr-cuisine-and-co-nbe-mp-1955857/p",
    "in_stock": true,
    "promo_text": null,
    "sku": "124111",
    "rating": null,
    "description": null
  },
  {
    "id": "128191",
    "name": "Huevos Yemita Extra Blanco 18 un.",
    "brand": "Yemita",
    "category": "lacteos-huevos-y-congelados",
    "price": 6290,
    "price_original": null,
    "currency": "CLP",
    "size": null,
    "unit_price": null,
    "image_url": "https://jumbocl.vteximg.com.br/arquivos/ids/319789-250-250/Huevo-Yemita-Extra-Blanco-18-un.jpg?v=638776418212800000",
    "productUrl": "https://www.jumbo.cl/huevo-yemita-extra-blanco-18un-1967857/p",
    "in_stock": true,
    "promo_text": "Paga $4.390",
    "sku": "128191",
    "rating": 5,
    "description": null
  },
  {
    "id": "102812",
    "name": "Helado San Francisco Multipack 0% Azúcar Choco Nuss 70 g 5 un.",
    "brand": "San Francisco de Loncomilla",
    "category": "lacteos-huevos-y-congelados",
    "price": 5590,
    "price_original": null,
    "currency": "CLP",
    "size": null,
    "unit_price": 15971,
    "image_url": "https://jumbocl.vteximg.com.br/arquivos/ids/523855-250-250/Helado-San-Francisco-Multipack-0--Azucar-Choco-Nuss-70-g-5-un.jpg?v=638959916836330000",
    "productUrl": "https://www.jumbo.cl/hel-mpack-sn-franc-0-choco-nuss-70gx5un-1881645/p",
    "in_stock": true,
    "promo_text": null,
    "sku": "102812",
    "rating": 5,
    "description": null
  },
  {
    "id": "75546",
    "name": "Huevos La Castellana Color Gallina Libre 12 un.",
    "brand": "La Castellana",
    "category": "lacteos-huevos-y-congelados",
    "price": 5130,
    "price_original": null,
    "currency": "CLP",
    "size": null,
    "unit_price": null,
    "image_url": "https://jumbocl.vteximg.com.br/arquivos/ids/512614-250-250/Huevos-La-Castellana-Color-Gallina-Libre-12-un.jpg?v=638944437969170000",
    "productUrl": "https://www.jumbo.cl/huevos-color-gallina-libre-la-castellana-12-unid/p",
    "in_stock": true,
    "promo_text": "Paga $3.590",
    "sku": "75546",
    "rating": 4.8,
    "description": null
  },
  {
    "id": "7242",
    "name": "Yogurt Griego Oikos Durazno 110 g",
    "brand": "Oikos",
    "category": "lacteos-huevos-y-congelados",
    "price": 620,
    "price_original": null,
    "currency": "CLP",
    "size": null,
    "unit_price": 5636,
    "image_url": "https://jumbocl.vteximg.com.br/arquivos/ids/300448-250-250/Yogurt-Griego-Oikos-Durazno-110-g.jpg?v=638776373434570000",
    "productUrl": "https://www.jumbo.cl/yoghurt-con-trozos-de-fruta-danone-110-g-durazno/p",
    "in_stock": true,
    "promo_text": null,
    "sku": "7242",
    "rating": null,
    "description": null
  },
  {
    "id": "141993",
    "name": "Pack 4 un. Jalea Loncoleche Proteína Guinda 100 g",
    "brand": "Loncoleche",
    "category": "lacteos-huevos-y-congelados",
    "price": 2400,
    "price_original": 2820,
    "currency": "CLP",
    "size": null,
    "unit_price": 6000,
    "image_url": "https://jumbocl.vteximg.com.br/arquivos/ids/336019-250-250/JALEA-LONCO-PROTEIN-PACK-4X100G-GUINDA.jpg?v=638776437153530000",
    "productUrl": "https://www.jumbo.cl/jalea-lonco-protein-pack-4x100g-guinda-2009181001/p",
    "in_stock": true,
    "promo_text": null,
    "sku": "141993",
    "rating": 5,
    "description": null
  },
  {
    "id": "144811",
    "name": "Helado Nutella 470 ml",
    "brand": "Nutella",
    "category": "lacteos-huevos-y-congelados",
    "price": 8990,
    "price_original": null,
    "currency": "CLP",
    "size": null,
    "unit_price": null,
    "image_url": "https://jumbocl.vteximg.com.br/arquivos/ids/341445-250-250/2002046-01_684135.jpg?v=638776441750370000",
    "productUrl": "https://www.jumbo.cl/helado-nutella-470ml-2002046/p",
    "in_stock": true,
    "promo_text": "Paga $5.990",
    "sku": "144811",
    "rating": 4,
    "description": null
  },
  {
    "id": "1190",
    "name": "Helado San Francisco Tronco de Castaña 1 L",
    "brand": "San Francisco de Loncomilla",
    "category": "lacteos-huevos-y-congelados",
    "price": 7190,
    "price_original": null,
    "currency": "CLP",
    "size": null,
    "unit_price": null,
    "image_url": "https://jumbocl.vteximg.com.br/arquivos/ids/520048-250-250/Helado-San-Francisco-Tronco-de-Casta%C3%B1a-1-L.jpg?v=638950469836830000",
    "productUrl": "https://www.jumbo.cl/postre-helado-san-francisco-de-loncomilla-1-l-tronco-de-castana/p",
    "in_stock": true,
    "promo_text": "Lleva 2 por $11.000",
    "sku": "1190",
    "rating": 3,
    "description": null
  },
  {
    "id": "1186",
    "name": "Postre Helado San Francisco Plátano Manjar 1 L",
    "brand": "San Francisco de Loncomilla",
    "category": "lacteos-huevos-y-congelados",
    "price": 7190,
    "price_original": null,
    "currency": "CLP",
    "size": null,
    "unit_price": null,
    "image_url": "https://jumbocl.vteximg.com.br/arquivos/ids/520054-250-250/Postre-Helado-San-Francisco-Platano-Manjar-1-L.jpg?v=638972861451100000",
    "productUrl": "https://www.jumbo.cl/postre-helado-platano-manjar-san-francisco-1-l/p",
    "in_stock": true,
    "promo_text": "Lleva 2 por $11.000",
    "sku": "1186",
    "rating": 4,
    "description": null
  },
  {
    "id": "1061",
    "name": "Hamburguesa de Vacuno La Crianza 100 g",
    "brand": "La Crianza",
    "category": "lacteos-huevos-y-congelados",
    "price": 1100,
    "price_original": null,
    "currency": "CLP",
    "size": null,
    "unit_price": 11000,
    "image_url": "https://jumbocl.vteximg.com.br/arquivos/ids/298358-250-250/Hamburguesa-de-vacuno-100-g.jpg?v=638775751438570000",
    "productUrl": "https://www.jumbo.cl/hamburguesa-de-vacuno-la-crianza-100-g/p",
    "in_stock": true,
    "promo_text": null,
    "sku": "1061",
    "rating": 4.2,
    "description": null
  },
  {
    "id": "6876",
    "name": "Mantequilla Kerrygold Irlandesa con Sal 250 g",
    "brand": "Kerrygold",
    "category": "lacteos-huevos-y-congelados",
    "price": 6190,
    "price_original": null,
    "currency": "CLP",
    "size": null,
    "unit_price": 24760,
    "image_url": "https://jumbocl.vteximg.com.br/arquivos/ids/300360-250-250/Mantequilla-Kerrygold-con-Sal-250-g.jpg?v=638776373215400000",
    "productUrl": "https://www.jumbo.cl/mantequilla-kerrygold-250-g-con-sal-untable/p",
    "in_stock": true,
    "promo_text": null,
    "sku": "6876",
    "rating": 4.8,
    "description": null
  },
  {
    "id": "1177",
    "name": "Helado San Francisco Brownie 1 L",
    "brand": "San Francisco de Loncomilla",
    "category": "lacteos-huevos-y-congelados",
    "price": 7190,
    "price_original": null,
    "currency": "CLP",
    "size": null,
    "unit_price": null,
    "image_url": "https://jumbocl.vteximg.com.br/arquivos/ids/520062-250-250/Helado-San-Francisco-Brownie-1-L.jpg?v=638950469958700000",
    "productUrl": "https://www.jumbo.cl/postre-helado-san-francisco-de-loncomilla-1-l-brownie/p",
    "in_stock": true,
    "promo_text": "Lleva 2 por $11.000",
    "sku": "1177",
    "rating": null,
    "description": null
  },
  {
    "id": "97807",
    "name": "Postre Helado San Francisco Cookies & Cream 1 L",
    "brand": "San Francisco de Loncomilla",
    "category": "lacteos-huevos-y-congelados",
    "price": 7190,
    "price_original": null,
    "currency": "CLP",
    "size": null,
    "unit_price": null,
    "image_url": "https://jumbocl.vteximg.com.br/arquivos/ids/519678-250-250/Postre-Helado-San-Francisco-Cookies---Cream-1-L.jpg?v=638950468757200000",
    "productUrl": "https://www.jumbo.cl/postre-hel-sn-fco-1lt-cookies-and-cream-1858293/p",
    "in_stock": true,
    "promo_text": "Lleva 2 por $11.000",
    "sku": "97807",
    "rating": null,
    "description": null
  },
  {
    "id": "7175",
    "name": "Yogurt Batido Soprole Damasco 120 g",
    "brand": "Soprole",
    "category": "lacteos-huevos-y-congelados",
    "price": 320,
    "price_original": null,
    "currency": "CLP",
    "size": null,
    "unit_price": 2083,
    "image_url": "https://jumbocl.vteximg.com.br/arquivos/ids/348740-250-250/Yoghurt-batido-sabor-damasco-120-g.jpg?v=638776488235630000",
    "productUrl": "https://www.jumbo.cl/yoghurt-batido-soprole-damasco-120-g-2/p",
    "in_stock": true,
    "promo_text": "Lleva 8 por $2.000",
    "sku": "7175",
    "rating": 5,
    "description": null
  },
  {
    "id": "14622",
    "name": "Papas Gajo Minuto Verde 700 g",
    "brand": "Minuto Verde",
    "category": "lacteos-huevos-y-congelados",
    "price": 3032,
    "price_original": 3790,
    "currency": "CLP",
    "size": null,
    "unit_price": 4000,
    "image_url": "https://jumbocl.vteximg.com.br/arquivos/ids/351871-250-250/Papas-Gajo-Minuto-Verde-700-g.jpg?v=638776687409430000",
    "productUrl": "https://www.jumbo.cl/papas-gajo-minuto-verde-700-g/p",
    "in_stock": true,
    "promo_text": "Lleva 2 por $5.600",
    "sku": "14622",
    "rating": 5,
    "description": null
  },
  {
    "id": "144445",
    "name": "Papa Pre Frita Fina Minuto Verde 800 g",
    "brand": "Minuto Verde",
    "category": "lacteos-huevos-y-congelados",
    "price": 3592,
    "price_original": 4490,
    "currency": "CLP",
    "size": null,
    "unit_price": 4000,
    "image_url": "https://jumbocl.vteximg.com.br/arquivos/ids/340851-250-250/Papa-Pre-Frita-Fina-Minuto-Verde-800-g.jpg?v=638776441070070000",
    "productUrl": "https://www.jumbo.cl/papa-pre-frita-fina-minuto-verde-800gr-2020051/p",
    "in_stock": true,
    "promo_text": "Lleva 2 por $6.400",
    "sku": "144445",
    "rating": 5,
    "description": null
  },
  {
    "id": "74019",
    "name": "Pack Paleta Helado San Francisco Choco Nuss 80 g 5 un.",
    "brand": "San Francisco de Loncomilla",
    "category": "lacteos-huevos-y-congelados",
    "price": 6250,
    "price_original": null,
    "currency": "CLP",
    "size": null,
    "unit_price": null,
    "image_url": "https://jumbocl.vteximg.com.br/arquivos/ids/519603-250-250/Pack-Paleta-Helado-San-Francisco-Choco-Nuss-80-g-5-un.jpg?v=638950468614770000",
    "productUrl": "https://www.jumbo.cl/paleta-helado-san-francisco-choco-nuss-5-unid-80-g-c-u/p",
    "in_stock": true,
    "promo_text": null,
    "sku": "74019",
    "rating": null,
    "description": null
  },
  {
    "id": "6949",
    "name": "Petit Suisse Chiquitín Frutilla 45 g",
    "brand": "Nestlé",
    "category": "lacteos-huevos-y-congelados",
    "price": 360,
    "price_original": null,
    "currency": "CLP",
    "size": null,
    "unit_price": 8000,
    "image_url": "https://jumbocl.vteximg.com.br/arquivos/ids/436614-250-250/Petit-Suisse-Chiquitin-Frutilla-45-g.jpg?v=638827858684000000",
    "productUrl": "https://www.jumbo.cl/postre-nestle-pote-45-g-1-unid-chiquitin-sabor-frutilla-2/p",
    "in_stock": true,
    "promo_text": null,
    "sku": "6949",
    "rating": 5,
    "description": null
  },
  {
    "id": "143473",
    "name": "Flan Soprole Caramelo 110 g",
    "brand": "Soprole",
    "category": "lacteos-huevos-y-congelados",
    "price": 410,
    "price_original": null,
    "currency": "CLP",
    "size": null,
    "unit_price": null,
    "image_url": "https://jumbocl.vteximg.com.br/arquivos/ids/338788-250-250/Flan-Soprole-Caramelo-110-g.jpg?v=638776439554470000",
    "productUrl": "https://www.jumbo.cl/flan-soprole-110gr-caramelo-2011591001/p",
    "in_stock": true,
    "promo_text": null,
    "sku": "143473",
    "rating": null,
    "description": null
  },
  {
    "id": "120210",
    "name": "Bebida Láctea Soprole Kéfir Tropical 1 L",
    "brand": "Soprole",
    "category": "lacteos-huevos-y-congelados",
    "price": 2650,
    "price_original": null,
    "currency": "CLP",
    "size": null,
    "unit_price": null,
    "image_url": "https://jumbocl.vteximg.com.br/arquivos/ids/385260-250-250/Kefir-Berries-1-L.jpg?v=638776843497070000",
    "productUrl": "https://www.jumbo.cl/yog-soprole-kefir-1lt-tropical-1940648003/p",
    "in_stock": true,
    "promo_text": null,
    "sku": "120210",
    "rating": 4.6,
    "description": null
  },
  {
    "id": "143471",
    "name": "Flan Soprole Vainilla 110 g",
    "brand": "Soprole",
    "category": "lacteos-huevos-y-congelados",
    "price": 410,
    "price_original": null,
    "currency": "CLP",
    "size": null,
    "unit_price": null,
    "image_url": "https://jumbocl.vteximg.com.br/arquivos/ids/338685-250-250/Flan-Soprole-Vainilla-110-g.jpg?v=638776439494600000",
    "productUrl": "https://www.jumbo.cl/flan-soprole-110gr-vainilla-2011591002/p",
    "in_stock": true,
    "promo_text": null,
    "sku": "143471",
    "rating": 5,
    "description": null
  },
  {
    "id": "149548",
    "name": "Mantequilla Kerrygold ajo y hierbas 100g",
    "brand": "Kerrygold",
    "category": "lacteos-huevos-y-congelados",
    "price": 2990,
    "price_original": null,
    "currency": "CLP",
    "size": null,
    "unit_price": 29900,
    "image_url": "https://jumbocl.vteximg.com.br/arquivos/ids/439304-250-250/Mantequilla-Kerrygold-ajo-y-hierbas-100g.jpg?v=638833161919730000",
    "productUrl": "https://www.jumbo.cl/mantequilla-kerrygold-ajo-y-hierbas-100g-1533039/p",
    "in_stock": true,
    "promo_text": null,
    "sku": "149548",
    "rating": null,
    "description": null
  },
  {
    "id": "100703",
    "name": "Huevos Cuisine & Co Grandes Blancos 12 un.",
    "brand": "Cuisine & Co",
    "category": "lacteos-huevos-y-congelados",
    "price": 3890,
    "price_original": null,
    "currency": "CLP",
    "size": null,
    "unit_price": null,
    "image_url": "https://jumbocl.vteximg.com.br/arquivos/ids/495094-250-250/Huevos-Cuisine---Co-Grandes-Blancos-12-un.jpg?v=638908740199270000",
    "productUrl": "https://www.jumbo.cl/huevos-grandes-blancos-bandeja-12-un-cuisine-and-co-1863083/p",
    "in_stock": true,
    "promo_text": null,
    "sku": "100703",
    "rating": 4.5,
    "description": null
  },
  {
    "id": "150206",
    "name": "Jalea Cuisine & Co Limón 100 g",
    "brand": "Cuisine & Co",
    "category": "lacteos-huevos-y-congelados",
    "price": 290,
    "price_original": null,
    "currency": "CLP",
    "size": null,
    "unit_price": 2500,
    "image_url": "https://jumbocl.vteximg.com.br/arquivos/ids/500437-250-250/Jalea-de-Limon-Cuisine---Co-100-g.jpg?v=638917623904100000",
    "productUrl": "https://www.jumbo.cl/jalea-lim-100g-c-and-c-2037776/p",
    "in_stock": true,
    "promo_text": "Lleva 8 por $2.000",
    "sku": "150206",
    "rating": null,
    "description": null
  },
  {
    "id": "134922",
    "name": "Yogurt Soprole 1+1 Sin Lactosa Zucaritas 140 g",
    "brand": "Soprole",
    "category": "lacteos-huevos-y-congelados",
    "price": 770,
    "price_original": null,
    "currency": "CLP",
    "size": null,
    "unit_price": 5500,
    "image_url": "https://jumbocl.vteximg.com.br/arquivos/ids/323149-250-250/Yoghurt-1-1-Sin-Lactosa-Zucaritas-140-g.jpg?v=638776426689330000",
    "productUrl": "https://www.jumbo.cl/yog-cer-1-1-zerolacto-140g-zucarita-1990990001/p",
    "in_stock": true,
    "promo_text": null,
    "sku": "134922",
    "rating": 5,
    "description": null
  },
  {
    "id": "6734",
    "name": "Leche Soprole Semidescremada Natural 1 L",
    "brand": "Soprole",
    "category": "lacteos-huevos-y-congelados",
    "price": 1320,
    "price_original": null,
    "currency": "CLP",
    "size": null,
    "unit_price": null,
    "image_url": "https://jumbocl.vteximg.com.br/arquivos/ids/527745-250-250/Leche-Soprole-Semidescremada-Natural-1-L.jpg?v=638967404276130000",
    "productUrl": "https://www.jumbo.cl/leche-soprole-semi-descremada-1-litro/p",
    "in_stock": true,
    "promo_text": null,
    "sku": "6734",
    "rating": 5,
    "description": null
  },
  {
    "id": "99292",
    "name": "Yogurt de Pajarito Ghali Sabor Natural 400 g",
    "brand": "Ghali",
    "category": "lacteos-huevos-y-congelados",
    "price": 3990,
    "price_original": null,
    "currency": "CLP",
    "size": null,
    "unit_price": 9975,
    "image_url": "https://jumbocl.vteximg.com.br/arquivos/ids/371926-250-250/Yoghurt-pajaritos-sabor-natural-400-g.jpg?v=638776789244800000",
    "productUrl": "https://www.jumbo.cl/yog-pajaritos-sabor-natural-400-gr-1865070/p",
    "in_stock": true,
    "promo_text": null,
    "sku": "99292",
    "rating": 4.4,
    "description": null
  },
  {
    "id": "108440",
    "name": "Açai Pure With Guaraná 597 g",
    "brand": "Acai",
    "category": "lacteos-huevos-y-congelados",
    "price": 11490,
    "price_original": null,
    "currency": "CLP",
    "size": null,
    "unit_price": 19246,
    "image_url": "https://jumbocl.vteximg.com.br/arquivos/ids/376691-250-250/Acai-pure-with-guarana-597-g.jpg?v=638776808689070000",
    "productUrl": "https://www.jumbo.cl/acai-pure-with-guarana-campo-verde-597gr-1900038/p",
    "in_stock": true,
    "promo_text": null,
    "sku": "108440",
    "rating": 5,
    "description": null
  },
  {
    "id": "118234",
    "name": "Postre Helado San Francisco Volcán de Chocolate 1 L",
    "brand": "San Francisco de Loncomilla",
    "category": "lacteos-huevos-y-congelados",
    "price": 7190,
    "price_original": null,
    "currency": "CLP",
    "size": null,
    "unit_price": null,
    "image_url": "https://jumbocl.vteximg.com.br/arquivos/ids/520064-250-250/Postre-Helado-San-Francisco-Volcan-de-Chocolate-1-L.jpg?v=638950469978600000",
    "productUrl": "https://www.jumbo.cl/postre-hel-sn-fco-1lt-volcan-choc-704562009/p",
    "in_stock": true,
    "promo_text": "Lleva 2 por $11.000",
    "sku": "118234",
    "rating": 3.7,
    "description": null
  },
  {
    "id": "44046",
    "name": "Pack 6 un. Leche Colun Semidescremada Chocolate 200 ml",
    "brand": "Colun",
    "category": "lacteos-huevos-y-congelados",
    "price": 3000,
    "price_original": 3600,
    "currency": "CLP",
    "size": null,
    "unit_price": null,
    "image_url": "https://jumbocl.vteximg.com.br/arquivos/ids/357501-250-250/Pack-leche-semidescremada-chocolate-6-un-200-ml-c-u.jpg?v=638776719392730000",
    "productUrl": "https://www.jumbo.cl/pack-leche-colun-chocolate-200-cc-6-unid/p",
    "in_stock": true,
    "promo_text": "Paga $2.700",
    "sku": "44046",
    "rating": 5,
    "description": null
  },
  {
    "id": "56700",
    "name": "Pack 6 un. Bebida Láctea Yogu Yogu Mora 200 ml",
    "brand": "Yogu - Yogu",
    "category": "lacteos-huevos-y-congelados",
    "price": 3660,
    "price_original": null,
    "currency": "CLP",
    "size": null,
    "unit_price": null,
    "image_url": "https://jumbocl.vteximg.com.br/arquivos/ids/360044-250-250/Pack-bebida-lactea-Yogu-Yogu-mora-6-un-200-ml-c-u.jpg?v=638776730904330000",
    "productUrl": "https://www.jumbo.cl/bebida-lac-yogu-yogu-cj-200cc-mora/p",
    "in_stock": true,
    "promo_text": null,
    "sku": "56700",
    "rating": 5,
    "description": null
  },
  {
    "id": "156694",
    "name": "Leche Descremada Surlat Whey Protein Salted Caramel 1 L",
    "brand": "Surlat",
    "category": "lacteos-huevos-y-congelados",
    "price": 2690,
    "price_original": 2990,
    "currency": "CLP",
    "size": null,
    "unit_price": null,
    "image_url": "https://jumbocl.vteximg.com.br/arquivos/ids/528474-250-250/Leche-Descremada-Surlat-Whey-Protein-Salted-Caramel-1-L.jpg?v=638967406092930000",
    "productUrl": "https://www.jumbo.cl/leche-whey-prot-desc-caramelo-surlat-1l-2050108/p",
    "in_stock": true,
    "promo_text": null,
    "sku": "156694",
    "rating": null,
    "description": null
  },
  {
    "id": "128598",
    "name": "Pack 12 un. Yogurt Batido Colun Light 120 g",
    "brand": "Colun",
    "category": "lacteos-huevos-y-congelados",
    "price": 3000,
    "price_original": 3850,
    "currency": "CLP",
    "size": null,
    "unit_price": null,
    "image_url": "https://jumbocl.vteximg.com.br/arquivos/ids/394445-250-250/YOG-COLUN-LIGHT-PACK-12UN.jpg?v=638776878828170000",
    "productUrl": "https://www.jumbo.cl/yog-colun-light-pack-12un-1970303/p",
    "in_stock": true,
    "promo_text": null,
    "sku": "128598",
    "rating": null,
    "description": null
  },
  {
    "id": "44053",
    "name": "Pack 12 un. Leche Colun Entera Sin Tapa 1 L",
    "brand": "Colun",
    "category": "lacteos-huevos-y-congelados",
    "price": 13800,
    "price_original": 16200,
    "currency": "CLP",
    "size": null,
    "unit_price": null,
    "image_url": "https://jumbocl.vteximg.com.br/arquivos/ids/357510-250-250/Pack-leche-entera-sin-tapa-12-un-1-L-c-u.jpg?v=638776719428470000",
    "productUrl": "https://www.jumbo.cl/pack-leche-entera-colun-sin-tapa-1-l-12-unid/p",
    "in_stock": true,
    "promo_text": null,
    "sku": "44053",
    "rating": 5,
    "description": null
  },
  {
    "id": "105348",
    "name": "Hamburguesa de Vacuno A Punto Chuck Roll 185 g",
    "brand": "A Punto",
    "category": "lacteos-huevos-y-congelados",
    "price": 2510,
    "price_original": null,
    "currency": "CLP",
    "size": null,
    "unit_price": null,
    "image_url": "https://jumbocl.vteximg.com.br/arquivos/ids/374851-250-250/HAMBURGUESA-CHUCKROLL-A-PUNTO.jpg?v=638776801164370000",
    "productUrl": "https://www.jumbo.cl/hamburguesa-chuckroll-a-punto-1897088/p",
    "in_stock": true,
    "promo_text": "Lleva 2 por $3.200",
    "sku": "105348",
    "rating": null,
    "description": null
  },
  {
    "id": "1261",
    "name": "Barra de Fruta Guallarauco Lúcuma Manjar 60 g 6 un.",
    "brand": "Guallarauco",
    "category": "lacteos-huevos-y-congelados",
    "price": 5190,
    "price_original": null,
    "currency": "CLP",
    "size": null,
    "unit_price": null,
    "image_url": "https://jumbocl.vteximg.com.br/arquivos/ids/298501-250-250/Barra-de-fruta-lucuma-manjar-6-x-60-g-c-u.jpg?v=638775753171470000",
    "productUrl": "https://www.jumbo.cl/barra-de-fruta-guallarauco-caja-360-g-6-unid-lucuma-manjar/p",
    "in_stock": true,
    "promo_text": "Lleva 2 por $7.990",
    "sku": "1261",
    "rating": null,
    "description": null
  },
  {
    "id": "976",
    "name": "Nuggets Super Pollo Congelado 400 g",
    "brand": "Super Pollo",
    "category": "lacteos-huevos-y-congelados",
    "price": 2750,
    "price_original": null,
    "currency": "CLP",
    "size": null,
    "unit_price": 5000,
    "image_url": "https://jumbocl.vteximg.com.br/arquivos/ids/540307-250-250/Nuggets-Super-Pollo-Congelado-400-g.jpg?v=638985725805570000",
    "productUrl": "https://www.jumbo.cl/nuggets-de-pollo-super-pollo-congelado-bolsa-400-g/p",
    "in_stock": true,
    "promo_text": "Lleva 2 por $4.000",
    "sku": "976",
    "rating": 4.5,
    "description": null
  },
  {
    "id": "1188",
    "name": "Helado San Francisco Tiramisú 900 ml",
    "brand": "San Francisco de Loncomilla",
    "category": "lacteos-huevos-y-congelados",
    "price": 7190,
    "price_original": null,
    "currency": "CLP",
    "size": null,
    "unit_price": null,
    "image_url": "https://jumbocl.vteximg.com.br/arquivos/ids/520044-250-250/Helado-San-Francisco-Tiramisu-900-ml.jpg?v=638950469802600000",
    "productUrl": "https://www.jumbo.cl/postre-helado-san-francisco-de-loncomilla-1-l-tiramisu/p",
    "in_stock": true,
    "promo_text": null,
    "sku": "1188",
    "rating": 5,
    "description": null
  },
  {
    "id": "44055",
    "name": "Pack 6 un. Leche Colun Entera 200 ml",
    "brand": "Colun",
    "category": "lacteos-huevos-y-congelados",
    "price": 3000,
    "price_original": 3540,
    "currency": "CLP",
    "size": null,
    "unit_price": null,
    "image_url": "https://jumbocl.vteximg.com.br/arquivos/ids/357507-250-250/Pack-leche-entera-Colun-200-ml---6-unid.jpg?v=638776719416900000",
    "productUrl": "https://www.jumbo.cl/pack-leche-colun-natural-200-cc-6-unid/p",
    "in_stock": true,
    "promo_text": "Paga $2.700",
    "sku": "44055",
    "rating": null,
    "description": null
  },
  {
    "id": "1171",
    "name": "Helado de Agua San Francisco Limón 1 L",
    "brand": "San Francisco de Loncomilla",
    "category": "lacteos-huevos-y-congelados",
    "price": 3590,
    "price_original": 4290,
    "currency": "CLP",
    "size": null,
    "unit_price": null,
    "image_url": "https://jumbocl.vteximg.com.br/arquivos/ids/520031-250-250/Helado-de-Agua-San-Francisco-Limon-1-L.jpg?v=638950469679970000",
    "productUrl": "https://www.jumbo.cl/helado-de-agua-san-francisco-de-loncomilla-1-l-limon/p",
    "in_stock": true,
    "promo_text": null,
    "sku": "1171",
    "rating": 4.2,
    "description": null
  },
  {
    "id": "56444",
    "name": "Multipack 12 un. Yogurt Probiótico Chamyto Frambuesa 80 ml",
    "brand": "Chamyto",
    "category": "lacteos-huevos-y-congelados",
    "price": 4890,
    "price_original": null,
    "currency": "CLP",
    "size": null,
    "unit_price": null,
    "image_url": "https://jumbocl.vteximg.com.br/arquivos/ids/308901-250-250/Multipack-12-un-Yogurt-Probiotico-Chamyto-Frambuesa-80-ml.jpg?v=638776387751730000",
    "productUrl": "https://www.jumbo.cl/pack-prob-chamyto-12x80ml-frambuesa/p",
    "in_stock": true,
    "promo_text": null,
    "sku": "56444",
    "rating": 5,
    "description": null
  },
  {
    "id": "71872",
    "name": "Churrascos de Asiento 720 g",
    "brand": "Cuisine & Co",
    "category": "lacteos-huevos-y-congelados",
    "price": 12490,
    "price_original": 14290,
    "currency": "CLP",
    "size": null,
    "unit_price": 17347,
    "image_url": "https://jumbocl.vteximg.com.br/arquivos/ids/362434-250-250/Churrasco-asiento-congelado-Cuisine---Co-720-g-1-56250007.jpg?v=638776743038430000",
    "productUrl": "https://www.jumbo.cl/churrascos-de-asiento-720-g-cuisine-and-co-1785263/p",
    "in_stock": true,
    "promo_text": "Paga $11.990",
    "sku": "71872",
    "rating": 4.8,
    "description": null
  },
  {
    "id": "146538",
    "name": "Yogurt Oikos Colchón de Miel 150 g",
    "brand": "Oikos",
    "category": "lacteos-huevos-y-congelados",
    "price": 720,
    "price_original": null,
    "currency": "CLP",
    "size": null,
    "unit_price": 4800,
    "image_url": "https://jumbocl.vteximg.com.br/arquivos/ids/345473-250-250/YOGURT-OIKOS-GRIEGO-COLCHON-MIEL-150GR.jpg?v=638776444735100000",
    "productUrl": "https://www.jumbo.cl/yogurt-oikos-griego-colchon-miel-150gr-2023352/p",
    "in_stock": true,
    "promo_text": null,
    "sku": "146538",
    "rating": null,
    "description": null
  },
  {
    "id": "103390",
    "name": "Pizza Italiana Sicilia 490 g",
    "brand": "Cuisine & Co",
    "category": "lacteos-huevos-y-congelados",
    "price": 5990,
    "price_original": null,
    "currency": "CLP",
    "size": null,
    "unit_price": 12224,
    "image_url": "https://jumbocl.vteximg.com.br/arquivos/ids/373828-250-250/PIZZ-SIC-CUIS-490G.jpg?v=638776797250400000",
    "productUrl": "https://www.jumbo.cl/pizza-italia-sicilia-490-g-cuisine-and-co-1860580/p",
    "in_stock": true,
    "promo_text": null,
    "sku": "103390",
    "rating": 4.3,
    "description": null
  },
  {
    "id": "84965",
    "name": "Frutilla Congelada 500 g",
    "brand": "Cuisine & Co",
    "category": "lacteos-huevos-y-congelados",
    "price": 2618,
    "price_original": 3490,
    "currency": "CLP",
    "size": null,
    "unit_price": 5236,
    "image_url": "https://jumbocl.vteximg.com.br/arquivos/ids/365683-250-250/Frutillas-congeladas-500-g.jpg?v=638776760106300000",
    "productUrl": "https://www.jumbo.cl/frutilla-congelada-500-g-cuisine-and-co-1823096/p",
    "in_stock": true,
    "promo_text": "25% dcto.",
    "sku": "84965",
    "rating": 4.3,
    "description": null
  },
  {
    "id": "156172",
    "name": "Postre Goodnes Protein Vainilla 115 g",
    "brand": "Nestlé",
    "category": "lacteos-huevos-y-congelados",
    "price": 860,
    "price_original": null,
    "currency": "CLP",
    "size": null,
    "unit_price": 7478,
    "image_url": "https://jumbocl.vteximg.com.br/arquivos/ids/516363-250-250/Postre-Goodnes-Protein-Vainilla-115-g.jpg?v=638947499210030000",
    "productUrl": "https://www.jumbo.cl/postre-goodnes-protein-115gr-vainilla-2009189003/p",
    "in_stock": true,
    "promo_text": null,
    "sku": "156172",
    "rating": null,
    "description": null
  },
  {
    "id": "1170",
    "name": "Helado de Agua San Francisco Frambuesa 1 L",
    "brand": "San Francisco de Loncomilla",
    "category": "lacteos-huevos-y-congelados",
    "price": 3590,
    "price_original": 4290,
    "currency": "CLP",
    "size": null,
    "unit_price": null,
    "image_url": "https://jumbocl.vteximg.com.br/arquivos/ids/520035-250-250/Helado-de-Agua-San-Francisco-Frambuesa-1-L.jpg?v=638950469717200000",
    "productUrl": "https://www.jumbo.cl/helado-de-agua-san-francisco-de-loncomilla-1-l-frambuesa/p",
    "in_stock": true,
    "promo_text": null,
    "sku": "1170",
    "rating": 5,
    "description": null
  },
  {
    "id": "1063",
    "name": "Hamburguesa de Vacuno La Crianza Mastodonte 185 g",
    "brand": "La Crianza",
    "category": "lacteos-huevos-y-congelados",
    "price": 2050,
    "price_original": null,
    "currency": "CLP",
    "size": null,
    "unit_price": 11081,
    "image_url": "https://jumbocl.vteximg.com.br/arquivos/ids/298364-250-250/Hamburguesa-de-vacuno-Mastodonte-185-g.jpg?v=638775751508270000",
    "productUrl": "https://www.jumbo.cl/hamburguesa-de-vacuno-la-crianza-bolsa-185-g-mastodonte-2/p",
    "in_stock": true,
    "promo_text": null,
    "sku": "1063",
    "rating": 5,
    "description": null
  },
  {
    "id": "89938",
    "name": "Pack 6 un. Leche Colun Sin Lactosa Descremada 200 ml",
    "brand": "Colun",
    "category": "lacteos-huevos-y-congelados",
    "price": 3000,
    "price_original": 3540,
    "currency": "CLP",
    "size": null,
    "unit_price": null,
    "image_url": "https://jumbocl.vteximg.com.br/arquivos/ids/367314-250-250/Pack-leche-sin-lactosa-descremada-6-un-200-ml-c-u-1-206981704.jpg?v=638776767339730000",
    "productUrl": "https://www.jumbo.cl/pack-leche-sin-lactosa-descremada-6-un-200-ml-c-u/p",
    "in_stock": true,
    "promo_text": "Paga $2.700",
    "sku": "89938",
    "rating": null,
    "description": null
  },
  {
    "id": "74018",
    "name": "Pack Paleta Helado San Francisco Lúcuma 68 g 5 un.",
    "brand": "San Francisco de Loncomilla",
    "category": "lacteos-huevos-y-congelados",
    "price": 6250,
    "price_original": null,
    "currency": "CLP",
    "size": null,
    "unit_price": 18382,
    "image_url": "https://jumbocl.vteximg.com.br/arquivos/ids/519596-250-250/Pack-Paleta-Helado-San-Francisco-Lucuma-68-g-5-un.jpg?v=638950468595600000",
    "productUrl": "https://www.jumbo.cl/pack-paleta-helado-san-francisco-lucuma-5-unid-68-g-c-u/p",
    "in_stock": true,
    "promo_text": null,
    "sku": "74018",
    "rating": null,
    "description": null
  },
  {
    "id": "98345",
    "name": "Cultivo Láctico 5 Sachet 1 G",
    "brand": "Yogustart",
    "category": "lacteos-huevos-y-congelados",
    "price": 5790,
    "price_original": null,
    "currency": "CLP",
    "size": null,
    "unit_price": null,
    "image_url": "https://jumbocl.vteximg.com.br/arquivos/ids/313133-250-250/Cultivo-lactico-5-sachet-1-g-c-u.jpg?v=638776398595300000",
    "productUrl": "https://www.jumbo.cl/cultivo-lactico-yogustart-5-sachet-1gr-1855415/p",
    "in_stock": true,
    "promo_text": null,
    "sku": "98345",
    "rating": 5,
    "description": null
  },
  {
    "id": "6656",
    "name": "Huevos Cintazul Super Extra Blancos 12 un.",
    "brand": "Cintazul",
    "category": "lacteos-huevos-y-congelados",
    "price": 4370,
    "price_original": null,
    "currency": "CLP",
    "size": null,
    "unit_price": null,
    "image_url": "https://jumbocl.vteximg.com.br/arquivos/ids/348479-250-250/Huevos-Super-Extra-Blancos-Cinta-Azul-12-un.jpg?v=638776484689830000",
    "productUrl": "https://www.jumbo.cl/huevo-cinta-azul-12-unid-super-extra-blanco/p",
    "in_stock": true,
    "promo_text": null,
    "sku": "6656",
    "rating": 5,
    "description": null
  },
  {
    "id": "97382",
    "name": "Pack 6 un. Leche Cuisine & Co Chocolate 1 L",
    "brand": "Cuisine & Co",
    "category": "lacteos-huevos-y-congelados",
    "price": 7800,
    "price_original": 9300,
    "currency": "CLP",
    "size": null,
    "unit_price": null,
    "image_url": "https://jumbocl.vteximg.com.br/arquivos/ids/369668-250-250/Leche-chocolate-1-L.jpg?v=638776778447200000",
    "productUrl": "https://www.jumbo.cl/pack-6-un-leche-chocolate-1-l-cuisine-and-co-1806089-pak/p",
    "in_stock": true,
    "promo_text": null,
    "sku": "97382",
    "rating": null,
    "description": null
  },
  {
    "id": "105700",
    "name": "Leche Loncoleche Proteína Full Pro Vainilla 250 ml",
    "brand": "Loncoleche",
    "category": "lacteos-huevos-y-congelados",
    "price": 1437,
    "price_original": 1690,
    "currency": "CLP",
    "size": null,
    "unit_price": null,
    "image_url": "https://jumbocl.vteximg.com.br/arquivos/ids/528063-250-250/Leche-Loncoleche-Protein-Full-Pro-Vainilla-250-ml.jpg?v=638967404999500000",
    "productUrl": "https://www.jumbo.cl/leche-l-leche-prot-250ml-full-pro-vainil-1892374/p",
    "in_stock": true,
    "promo_text": "15% dcto.",
    "sku": "105700",
    "rating": 5,
    "description": null
  },
  {
    "id": "120205",
    "name": "Bebida Láctea Soprole Kéfir Berries 1 L",
    "brand": "Soprole",
    "category": "lacteos-huevos-y-congelados",
    "price": 2650,
    "price_original": null,
    "currency": "CLP",
    "size": null,
    "unit_price": null,
    "image_url": "https://jumbocl.vteximg.com.br/arquivos/ids/385247-250-250/Kefir-Tropical-1-L.jpg?v=638776843455700000",
    "productUrl": "https://www.jumbo.cl/yog-soprole-kefir-1lt-berries-1940648001/p",
    "in_stock": true,
    "promo_text": null,
    "sku": "120205",
    "rating": 4.8,
    "description": null
  },
  {
    "id": "56696",
    "name": "Pack 6 un. Leche Soprole Semidescremada Chocolate 200 ml",
    "brand": "Soprole",
    "category": "lacteos-huevos-y-congelados",
    "price": 3540,
    "price_original": null,
    "currency": "CLP",
    "size": null,
    "unit_price": null,
    "image_url": "https://jumbocl.vteximg.com.br/arquivos/ids/360034-250-250/Pack-6-un-Leche-semidescremada-chocolate-200-ml.jpg?v=638776730852230000",
    "productUrl": "https://www.jumbo.cl/leche-soprole-lv-cj-200cc-chocolate/p",
    "in_stock": true,
    "promo_text": null,
    "sku": "56696",
    "rating": 4,
    "description": null
  },
  {
    "id": "44058",
    "name": "Pack 12 un. Leche Colun Semidescremada Sin Tapa 1 L",
    "brand": "Colun",
    "category": "lacteos-huevos-y-congelados",
    "price": 13800,
    "price_original": 16200,
    "currency": "CLP",
    "size": null,
    "unit_price": null,
    "image_url": "https://jumbocl.vteximg.com.br/arquivos/ids/357512-250-250/Pack-leche-semidescremada-sin-tapa-12-un-1-L-c-u.jpg?v=638776719428930000",
    "productUrl": "https://www.jumbo.cl/pack-leche-colun-semidescremada-sin-tapa-1-l/p",
    "in_stock": true,
    "promo_text": null,
    "sku": "44058",
    "rating": 5,
    "description": null
  },
  {
    "id": "20328",
    "name": "Flan Colun Chocolate 100 g",
    "brand": "Colun",
    "category": "lacteos-huevos-y-congelados",
    "price": 390,
    "price_original": null,
    "currency": "CLP",
    "size": null,
    "unit_price": 3310,
    "image_url": "https://jumbocl.vteximg.com.br/arquivos/ids/353501-250-250/Flan-Colun-sabor-chocolate-100-g.jpg?v=638776697787670000",
    "productUrl": "https://www.jumbo.cl/flan-colun-sabor-chocolate-100-g/p",
    "in_stock": true,
    "promo_text": "Lleva 8 por $2.650",
    "sku": "20328",
    "rating": null,
    "description": null
  },
  {
    "id": "145498",
    "name": "Torta Almondy Swedish Brownie 400 g",
    "brand": "Almondy",
    "category": "lacteos-huevos-y-congelados",
    "price": 7990,
    "price_original": null,
    "currency": "CLP",
    "size": null,
    "unit_price": 19975,
    "image_url": "https://jumbocl.vteximg.com.br/arquivos/ids/343862-250-250/TORTA-ALMONDY-SWEDISH-BROWNIE-400G.jpg?v=638776443371370000",
    "productUrl": "https://www.jumbo.cl/torta-almondy-swedish-brownie-400g-2003220/p",
    "in_stock": true,
    "promo_text": null,
    "sku": "145498",
    "rating": 4,
    "description": null
  },
  {
    "id": "6840",
    "name": "Bebida Láctea Yogu Yogu Frutilla 200 ml",
    "brand": "Yogu - Yogu",
    "category": "lacteos-huevos-y-congelados",
    "price": 630,
    "price_original": null,
    "currency": "CLP",
    "size": null,
    "unit_price": null,
    "image_url": "https://jumbocl.vteximg.com.br/arquivos/ids/300349-250-250/Bebida-Lactea-Yogu-Yogu-Frutilla-200-ml.jpg?v=638776373108230000",
    "productUrl": "https://www.jumbo.cl/bebida-lactea-yogu-yogu-frutilla-200-ml/p",
    "in_stock": true,
    "promo_text": null,
    "sku": "6840",
    "rating": null,
    "description": null
  },
  {
    "id": "131306",
    "name": "Leche Soprole Sin Lactosa Zerolacto Frutilla 200 ml",
    "brand": "Soprole",
    "category": "lacteos-huevos-y-congelados",
    "price": 580,
    "price_original": null,
    "currency": "CLP",
    "size": null,
    "unit_price": null,
    "image_url": "https://jumbocl.vteximg.com.br/arquivos/ids/459531-250-250/Leche-Soprole-Sin-Lactosa-Zerolacto-Frutilla-200-ml.jpg?v=638863192946000000",
    "productUrl": "https://www.jumbo.cl/leche-sop-s-la-zerolac-200ml-frutilla-1563228002/p",
    "in_stock": true,
    "promo_text": "Lleva 6 por $2.700",
    "sku": "131306",
    "rating": null,
    "description": null
  },
  {
    "id": "1042",
    "name": "Arándanos Minuto Verde 400 g",
    "brand": "Minuto Verde",
    "category": "lacteos-huevos-y-congelados",
    "price": 4390,
    "price_original": null,
    "currency": "CLP",
    "size": null,
    "unit_price": 8563,
    "image_url": "https://jumbocl.vteximg.com.br/arquivos/ids/298345-250-250/Arandanos-400-g.jpg?v=638775751278400000",
    "productUrl": "https://www.jumbo.cl/arandanos-minuto-verde-bolsa-400-g-100-natural-2/p",
    "in_stock": true,
    "promo_text": "Lleva 2 por $6.850",
    "sku": "1042",
    "rating": 5,
    "description": null
  },
  {
    "id": "141996",
    "name": "Postre Goodnes Protein Chocolate 115 g",
    "brand": "Nestlé",
    "category": "lacteos-huevos-y-congelados",
    "price": 860,
    "price_original": null,
    "currency": "CLP",
    "size": null,
    "unit_price": 7478,
    "image_url": "https://jumbocl.vteximg.com.br/arquivos/ids/503371-250-250/Postre-Goodnes-Protein-Chocolate-115-g.jpg?v=638926279069000000",
    "productUrl": "https://www.jumbo.cl/postre-goodnes-protein-115gr-choco-2009189001/p",
    "in_stock": true,
    "promo_text": null,
    "sku": "141996",
    "rating": 5,
    "description": null
  },
  {
    "id": "113900",
    "name": "Leche en Polvo Nido Buen Día Semidescremada 700 g",
    "brand": "Nido",
    "category": "lacteos-huevos-y-congelados",
    "price": 6290,
    "price_original": null,
    "currency": "CLP",
    "size": null,
    "unit_price": 8986,
    "image_url": "https://jumbocl.vteximg.com.br/arquivos/ids/316019-250-250/Leche-en-Polvo-Nido-Buen-Dia-Semidescremada-700-g.jpg?v=638776407189200000",
    "productUrl": "https://www.jumbo.cl/leche-en-polvo-nido-buen-dia-700g-1930445/p",
    "in_stock": true,
    "promo_text": null,
    "sku": "113900",
    "rating": 5,
    "description": null
  },
  {
    "id": "127832",
    "name": "Mechada Fundo Sur 400 g",
    "brand": "Fundo Sur",
    "category": "lacteos-huevos-y-congelados",
    "price": 7832,
    "price_original": 9790,
    "currency": "CLP",
    "size": null,
    "unit_price": 19580,
    "image_url": "https://jumbocl.vteximg.com.br/arquivos/ids/426814-250-250/MECHADA-FUNDO-SUR-400G.jpg?v=638810995638730000",
    "productUrl": "https://www.jumbo.cl/mechada-fundo-sur-400g-1964631/p",
    "in_stock": true,
    "promo_text": "20% dcto.",
    "sku": "127832",
    "rating": 5,
    "description": null
  },
  {
    "id": "150208",
    "name": "Jalea Cuisine & Co Guinda 100 g",
    "brand": "Cuisine & Co",
    "category": "lacteos-huevos-y-congelados",
    "price": 290,
    "price_original": null,
    "currency": "CLP",
    "size": null,
    "unit_price": 2500,
    "image_url": "https://jumbocl.vteximg.com.br/arquivos/ids/500439-250-250/Jalea-de-Guinda-Cuisine---Co-100-g.jpg?v=638917623912330000",
    "productUrl": "https://www.jumbo.cl/jalea-gui-100g-c-and-c-2037777/p",
    "in_stock": true,
    "promo_text": "Lleva 8 por $2.000",
    "sku": "150208",
    "rating": null,
    "description": null
  },
  {
    "id": "1017",
    "name": "Pasta de Choclo Frutos del Maipo 1 kg",
    "brand": "Frutos Del Maipo",
    "category": "lacteos-huevos-y-congelados",
    "price": 4590,
    "price_original": null,
    "currency": "CLP",
    "size": null,
    "unit_price": 4590,
    "image_url": "https://jumbocl.vteximg.com.br/arquivos/ids/298338-250-250/Pasta-de-choclo-Frutos-del-Maipo-1-kg.jpg?v=638775751179730000",
    "productUrl": "https://www.jumbo.cl/pasta-de-choclo-frutos-del-maipo-bolsa-1-kg-congelado/p",
    "in_stock": true,
    "promo_text": null,
    "sku": "1017",
    "rating": 4.7,
    "description": null
  },
  {
    "id": "84613",
    "name": "Manjar Nestlé El Manjar Clásico Doypack 800 g",
    "brand": "Nestlé",
    "category": "lacteos-huevos-y-congelados",
    "price": 3490,
    "price_original": 5090,
    "currency": "CLP",
    "size": null,
    "unit_price": 4363,
    "image_url": "https://jumbocl.vteximg.com.br/arquivos/ids/311559-250-250/Manjar-Nestle-El-Manjar-Clasico-Doypack-800-g.jpg?v=638776394019200000",
    "productUrl": "https://www.jumbo.cl/manjar-de-leche-doy-pack-800-g/p",
    "in_stock": true,
    "promo_text": null,
    "sku": "84613",
    "rating": 4.9,
    "description": null
  },
  {
    "id": "156700",
    "name": "Leche Descremada Surlat Whey Protein Salted Caramel 200 ml",
    "brand": "Surlat",
    "category": "lacteos-huevos-y-congelados",
    "price": 890,
    "price_original": null,
    "currency": "CLP",
    "size": null,
    "unit_price": null,
    "image_url": "https://jumbocl.vteximg.com.br/arquivos/ids/528477-250-250/Leche-Descremada-Surlat-Whey-Protein-Salted-Caramel-200-ml.jpg?v=638967406115030000",
    "productUrl": "https://www.jumbo.cl/leche-whey-prot-desc-carame-surlat-200ml-2050109/p",
    "in_stock": true,
    "promo_text": null,
    "sku": "156700",
    "rating": null,
    "description": null
  },
  {
    "id": "6705",
    "name": "Leche Danone Moments Cappuccino 1 L",
    "brand": "Danone",
    "category": "lacteos-huevos-y-congelados",
    "price": 2720,
    "price_original": null,
    "currency": "CLP",
    "size": null,
    "unit_price": null,
    "image_url": "https://jumbocl.vteximg.com.br/arquivos/ids/348518-250-250/1616679001-01_6410.jpg?v=638776485224500000",
    "productUrl": "https://www.jumbo.cl/leche-danone-caja-1l-moments-cappuccino/p",
    "in_stock": true,
    "promo_text": null,
    "sku": "6705",
    "rating": 5,
    "description": null
  },
  {
    "id": "98362",
    "name": "Nuggets de Pollo Cuisine & Co Ready 400 g",
    "brand": "Cuisine & Co",
    "category": "lacteos-huevos-y-congelados",
    "price": 2290,
    "price_original": 2690,
    "currency": "CLP",
    "size": null,
    "unit_price": 5725,
    "image_url": "https://jumbocl.vteximg.com.br/arquivos/ids/370582-250-250/Nuggets-de-pollo-Ready-400-g.jpg?v=638776783183330000",
    "productUrl": "https://www.jumbo.cl/nuggets-de-pollo-ready-400-g-cuisine-and-co-1850676/p",
    "in_stock": true,
    "promo_text": "Paga $1.990",
    "sku": "98362",
    "rating": 5,
    "description": null
  },
  {
    "id": "81329",
    "name": "Leche Loncoleche Semidescremada 1 L",
    "brand": "Loncoleche",
    "category": "lacteos-huevos-y-congelados",
    "price": 1120,
    "price_original": null,
    "currency": "CLP",
    "size": null,
    "unit_price": null,
    "image_url": "https://jumbocl.vteximg.com.br/arquivos/ids/524891-250-250/Leche-Loncoleche-Semidescremada-1-L.jpg?v=638961709319700000",
    "productUrl": "https://www.jumbo.cl/leche-semidescremada-1-l/p",
    "in_stock": true,
    "promo_text": null,
    "sku": "81329",
    "rating": 4,
    "description": null
  },
  {
    "id": "6959",
    "name": "Postre Soprole Arroz con Leche 130 g",
    "brand": "Soprole",
    "category": "lacteos-huevos-y-congelados",
    "price": 720,
    "price_original": null,
    "currency": "CLP",
    "size": null,
    "unit_price": 5538,
    "image_url": "https://jumbocl.vteximg.com.br/arquivos/ids/411514-250-250/Postre-Soprole-Arroz-con-Leche-130-g.jpg?v=638791317938070000",
    "productUrl": "https://www.jumbo.cl/arroz-con-leche-soprole-pote-130-g-2/p",
    "in_stock": true,
    "promo_text": null,
    "sku": "6959",
    "rating": 5,
    "description": null
  },
  {
    "id": "26527",
    "name": "Papa en Rodaja Minuto Verde 700 g",
    "brand": "Minuto Verde",
    "category": "lacteos-huevos-y-congelados",
    "price": 2952,
    "price_original": 3690,
    "currency": "CLP",
    "size": null,
    "unit_price": 3929,
    "image_url": "https://jumbocl.vteximg.com.br/arquivos/ids/355440-250-250/Papa-en-rodaja-Minuto-Verde-700-g.jpg?v=638776706877400000",
    "productUrl": "https://www.jumbo.cl/papa-en-rodaja-minuto-verde-700-g/p",
    "in_stock": true,
    "promo_text": "Lleva 2 por $5.500",
    "sku": "26527",
    "rating": null,
    "description": null
  },
  {
    "id": "44061",
    "name": "Pack 6 un. Leche Colun Semidescremada Vainilla 200 cc",
    "brand": "Colun",
    "category": "lacteos-huevos-y-congelados",
    "price": 3000,
    "price_original": 3600,
    "currency": "CLP",
    "size": null,
    "unit_price": null,
    "image_url": "https://jumbocl.vteximg.com.br/arquivos/ids/357513-250-250/Pack-leche-semidescremada-Colun-vainilla-200-cc-6-unid.jpg?v=638776719444600000",
    "productUrl": "https://www.jumbo.cl/pack-leche-colun-vainilla-200-cc-6-unid/p",
    "in_stock": true,
    "promo_text": "Paga $2.700",
    "sku": "44061",
    "rating": null,
    "description": null
  },
  {
    "id": "68978",
    "name": "Mix Pimentón Minuto Verde 150 g",
    "brand": "Minuto Verde",
    "category": "lacteos-huevos-y-congelados",
    "price": 1030,
    "price_original": null,
    "currency": "CLP",
    "size": null,
    "unit_price": 6867,
    "image_url": "https://jumbocl.vteximg.com.br/arquivos/ids/422932-250-250/Mix-pimentos-150-g.jpg?v=638809587349230000",
    "productUrl": "https://www.jumbo.cl/mix-pimentos-minuto-verde-150g/p",
    "in_stock": true,
    "promo_text": null,
    "sku": "68978",
    "rating": 4.7,
    "description": null
  },
  {
    "id": "145496",
    "name": "Torta Almondy Milka 400 g",
    "brand": "Almondy",
    "category": "lacteos-huevos-y-congelados",
    "price": 7990,
    "price_original": null,
    "currency": "CLP",
    "size": null,
    "unit_price": 19975,
    "image_url": "https://jumbocl.vteximg.com.br/arquivos/ids/343823-250-250/TORTA-ALMONDY-MILKA-400G.jpg?v=638776443316400000",
    "productUrl": "https://www.jumbo.cl/torta-almondy-milka-400g-2003216/p",
    "in_stock": true,
    "promo_text": null,
    "sku": "145496",
    "rating": 5,
    "description": null
  },
  {
    "id": "100527",
    "name": "Mix Oriental Frutos del Maipo 350 g",
    "brand": "Frutos Del Maipo",
    "category": "lacteos-huevos-y-congelados",
    "price": 2090,
    "price_original": null,
    "currency": "CLP",
    "size": null,
    "unit_price": 5971,
    "image_url": "https://jumbocl.vteximg.com.br/arquivos/ids/313421-250-250/Mix-Oriental-350-g.jpg?v=638776399625970000",
    "productUrl": "https://www.jumbo.cl/mix-oriental-frutos-del-maipo-350g-1857658/p",
    "in_stock": true,
    "promo_text": null,
    "sku": "100527",
    "rating": null,
    "description": null
  },
  {
    "id": "119350",
    "name": "Helado San Francisco 0% Azúcar Café Latte 1 L",
    "brand": "San Francisco de Loncomilla",
    "category": "lacteos-huevos-y-congelados",
    "price": 6390,
    "price_original": null,
    "currency": "CLP",
    "size": null,
    "unit_price": null,
    "image_url": "https://jumbocl.vteximg.com.br/arquivos/ids/519779-250-250/Helado-San-Francisco-0--Azucar-Cafe-Latte-1-L.jpg?v=638950468955300000",
    "productUrl": "https://www.jumbo.cl/hel-sn-francisco-0-azucar-cafe-latte-1lt-1938189/p",
    "in_stock": true,
    "promo_text": null,
    "sku": "119350",
    "rating": 5,
    "description": null
  },
  {
    "id": "94829",
    "name": "Leche Cuisine & Co Semidescremada 1 L",
    "brand": "Cuisine & Co",
    "category": "lacteos-huevos-y-congelados",
    "price": 1160,
    "price_original": null,
    "currency": "CLP",
    "size": null,
    "unit_price": null,
    "image_url": "https://jumbocl.vteximg.com.br/arquivos/ids/368621-250-250/Leche-semidescremada-1-L.jpg?v=638776773546600000",
    "productUrl": "https://www.jumbo.cl/leche-semidescremada-1-l-cuisine-and-co-1858322/p",
    "in_stock": true,
    "promo_text": "Paga $990",
    "sku": "94829",
    "rating": 4.8,
    "description": null
  },
  {
    "id": "6938",
    "name": "Jalea Nestlé Frambuesa 110 g",
    "brand": "Nestlé",
    "category": "lacteos-huevos-y-congelados",
    "price": 400,
    "price_original": null,
    "currency": "CLP",
    "size": null,
    "unit_price": 3636,
    "image_url": "https://jumbocl.vteximg.com.br/arquivos/ids/300499-250-250/Jalea-Nestle-Frambuesa-110-g.jpg?v=638776373537770000",
    "productUrl": "https://www.jumbo.cl/jalea-nestle-110-g-frambuesa-2/p",
    "in_stock": true,
    "promo_text": null,
    "sku": "6938",
    "rating": null,
    "description": null
  },
  {
    "id": "82620",
    "name": "Huevos Ecoterra Gallinas Libres 20 un.",
    "brand": "Ecoterra",
    "category": "lacteos-huevos-y-congelados",
    "price": 10650,
    "price_original": null,
    "currency": "CLP",
    "size": null,
    "unit_price": null,
    "image_url": "https://jumbocl.vteximg.com.br/arquivos/ids/509222-250-250/Huevos-Ecoterra-Gallinas-Libres-20-un.jpg?v=638935589183970000",
    "productUrl": "https://www.jumbo.cl/huevos-gallina-libre-20-un/p",
    "in_stock": true,
    "promo_text": null,
    "sku": "82620",
    "rating": 5,
    "description": null
  },
  {
    "id": "7110",
    "name": "Multipack 12 un. Yogurt Probiótico Chamyto Manzana 80 ml",
    "brand": "Chamyto",
    "category": "lacteos-huevos-y-congelados",
    "price": 4890,
    "price_original": null,
    "currency": "CLP",
    "size": null,
    "unit_price": null,
    "image_url": "https://jumbocl.vteximg.com.br/arquivos/ids/300390-250-250/Multipack-12-un-Yogurt-Probiotico-Chamyto-Manzana-80-ml.jpg?v=638776373308230000",
    "productUrl": "https://www.jumbo.cl/bebida-lactea-nestle-12-unid-x-80-ml-chamyto-probiotico-manzana/p",
    "in_stock": true,
    "promo_text": null,
    "sku": "7110",
    "rating": 5,
    "description": null
  },
  {
    "id": "74002",
    "name": "Leche Loncoleche Cappucino Proteína 1 L",
    "brand": "Loncoleche",
    "category": "lacteos-huevos-y-congelados",
    "price": 2117,
    "price_original": 2490,
    "currency": "CLP",
    "size": null,
    "unit_price": null,
    "image_url": "https://jumbocl.vteximg.com.br/arquivos/ids/542599-250-250/Leche-Loncoleche-Cappucino-Proteina-1-L.jpg?v=638991550175400000",
    "productUrl": "https://www.jumbo.cl/leche-loncoleche-cappucino-proteina-1-l/p",
    "in_stock": true,
    "promo_text": "15% dcto.",
    "sku": "74002",
    "rating": 5,
    "description": null
  },
  {
    "id": "81328",
    "name": "Leche Loncoleche Entera 1 L",
    "brand": "Loncoleche",
    "category": "lacteos-huevos-y-congelados",
    "price": 1120,
    "price_original": null,
    "currency": "CLP",
    "size": null,
    "unit_price": null,
    "image_url": "https://jumbocl.vteximg.com.br/arquivos/ids/492734-250-250/Leche-Loncoleche-Entera-1-L.jpg?v=638906470874830000",
    "productUrl": "https://www.jumbo.cl/leche-entera-loncoleche-1-l/p",
    "in_stock": true,
    "promo_text": null,
    "sku": "81328",
    "rating": 5,
    "description": null
  },
  {
    "id": "14620",
    "name": "Mango Trozo Minuto Verde 500 g",
    "brand": "Minuto Verde",
    "category": "lacteos-huevos-y-congelados",
    "price": 4590,
    "price_original": null,
    "currency": "CLP",
    "size": null,
    "unit_price": 9125,
    "image_url": "https://jumbocl.vteximg.com.br/arquivos/ids/351872-250-250/Mango-trozo-Minuto-Verde-500-g.jpg?v=638776687409770000",
    "productUrl": "https://www.jumbo.cl/mango-en-trozo-minuto-verde-400-g/p",
    "in_stock": true,
    "promo_text": "Lleva 2 por $7.300",
    "sku": "14620",
    "rating": 4,
    "description": null
  },
  {
    "id": "6886",
    "name": "Mantequilla Soprole Sin Sal 250 g",
    "brand": "Soprole",
    "category": "lacteos-huevos-y-congelados",
    "price": 3490,
    "price_original": null,
    "currency": "CLP",
    "size": null,
    "unit_price": 13960,
    "image_url": "https://jumbocl.vteximg.com.br/arquivos/ids/348629-250-250/Mantequilla-Sin-Sal-250-g.jpg?v=638776486730600000",
    "productUrl": "https://www.jumbo.cl/mantequilla-soprole-pan-250-g-sin-sal/p",
    "in_stock": true,
    "promo_text": null,
    "sku": "6886",
    "rating": 4.8,
    "description": null
  },
  {
    "id": "77377",
    "name": "Margarina Cuisine & Co Canola Pote 400 g",
    "brand": "Cuisine & Co",
    "category": "lacteos-huevos-y-congelados",
    "price": 2650,
    "price_original": null,
    "currency": "CLP",
    "size": null,
    "unit_price": 6625,
    "image_url": "https://jumbocl.vteximg.com.br/arquivos/ids/363910-250-250/Margarina-canola-pote-400-g.jpg?v=638776751166200000",
    "productUrl": "https://www.jumbo.cl/margarina-canola-pote-400-g-cuisine-and-co-1776920/p",
    "in_stock": true,
    "promo_text": null,
    "sku": "77377",
    "rating": 4,
    "description": null
  },
  {
    "id": "20353",
    "name": "Helado Häagen Dazs Dulce de Leche 415 g",
    "brand": "Häagen Dazs",
    "category": "lacteos-huevos-y-congelados",
    "price": 8290,
    "price_original": null,
    "currency": "CLP",
    "size": null,
    "unit_price": 9988,
    "image_url": "https://jumbocl.vteximg.com.br/arquivos/ids/353516-250-250/Principal-19035.jpg?v=638776697876070000",
    "productUrl": "https://www.jumbo.cl/helado-dulce-de-leche-h-agen-dazs-415-g/p",
    "in_stock": true,
    "promo_text": "2 por 1 a $8.290",
    "sku": "20353",
    "rating": 5,
    "description": null
  },
  {
    "id": "118145",
    "name": "Bebida Vegetal Nature's Heart Almendras Coco Proteína 1 L",
    "brand": "Nature's Heart",
    "category": "lacteos-huevos-y-congelados",
    "price": 2760,
    "price_original": 3450,
    "currency": "CLP",
    "size": null,
    "unit_price": null,
    "image_url": "https://jumbocl.vteximg.com.br/arquivos/ids/477445-250-250/Bebida-Vegetal-Nature-s-Heart-Almendras-Coco-Proteina-1-L.jpg?v=638875813662970000",
    "productUrl": "https://www.jumbo.cl/beb-veg-almen-coco-prot-1lt-nature-heart-1934182/p",
    "in_stock": true,
    "promo_text": "20% dcto.",
    "sku": "118145",
    "rating": 5,
    "description": null
  },
  {
    "id": "44041",
    "name": "Pack 4 un. Jalea Regimel Frambuesa 100 g",
    "brand": "Regimel",
    "category": "lacteos-huevos-y-congelados",
    "price": 2090,
    "price_original": null,
    "currency": "CLP",
    "size": null,
    "unit_price": 5225,
    "image_url": "https://jumbocl.vteximg.com.br/arquivos/ids/307725-250-250/Pack-Jalea-Regimel-Frambuesa-100-g-4-un.jpg?v=638776385260500000",
    "productUrl": "https://www.jumbo.cl/pack-jalea-regimel-frambuesa-4-unid-100-g/p",
    "in_stock": true,
    "promo_text": null,
    "sku": "44041",
    "rating": 5,
    "description": null
  },
  {
    "id": "139024",
    "name": "Notchori Vegetal 240 g",
    "brand": "NotCo",
    "category": "lacteos-huevos-y-congelados",
    "price": 4123,
    "price_original": 4850,
    "currency": "CLP",
    "size": null,
    "unit_price": 17179,
    "image_url": "https://jumbocl.vteximg.com.br/arquivos/ids/331123-250-250/NotChori-Vegetal-240-g.jpg?v=638776432919900000",
    "productUrl": "https://www.jumbo.cl/not-chorizo-notco-240-gr-2002196/p",
    "in_stock": true,
    "promo_text": "15% dcto.",
    "sku": "139024",
    "rating": 5,
    "description": null
  },
  {
    "id": "1405",
    "name": "Habas Peladas Minuto Verde 400 g",
    "brand": "Minuto Verde",
    "category": "lacteos-huevos-y-congelados",
    "price": 3990,
    "price_original": 4890,
    "currency": "CLP",
    "size": null,
    "unit_price": 8750,
    "image_url": "https://jumbocl.vteximg.com.br/arquivos/ids/298589-250-250/Habas-peladas-400-g.jpg?v=638775754218370000",
    "productUrl": "https://www.jumbo.cl/habas-peladas-minuto-verde-bolsa-400-g-congeladas-premium-2/p",
    "in_stock": true,
    "promo_text": "Lleva 2 por $7.000",
    "sku": "1405",
    "rating": 4.7,
    "description": null
  },
  {
    "id": "45774",
    "name": "Huevos Ecoterra Gallinas Libres Grandes 12 un.",
    "brand": "Ecoterra",
    "category": "lacteos-huevos-y-congelados",
    "price": 5890,
    "price_original": null,
    "currency": "CLP",
    "size": null,
    "unit_price": null,
    "image_url": "https://jumbocl.vteximg.com.br/arquivos/ids/499693-250-250/Huevos-Ecoterra-Gallinas-Libres-Grandes-12-un.jpg?v=638917601485870000",
    "productUrl": "https://www.jumbo.cl/huevo-ecoterra-12-unid/p",
    "in_stock": true,
    "promo_text": null,
    "sku": "45774",
    "rating": null,
    "description": null
  },
  {
    "id": "111970",
    "name": "Frambuesa Franui Bañada en Chocolate Negro y Blanco 150 g",
    "brand": "Franuí",
    "category": "lacteos-huevos-y-congelados",
    "price": 5490,
    "price_original": null,
    "currency": "CLP",
    "size": null,
    "unit_price": 36600,
    "image_url": "https://jumbocl.vteximg.com.br/arquivos/ids/315621-250-250/Frambuesa-Franui-Ba%C3%B1ada-en-Chocolate-Negro-y-Blanco-150-g.jpg?v=638776405754330000",
    "productUrl": "https://www.jumbo.cl/frambuesa-banada-en-chocolate-blanco-y-negro-150-g/p",
    "in_stock": true,
    "promo_text": null,
    "sku": "111970",
    "rating": 5,
    "description": null
  },
  {
    "id": "101570",
    "name": "Huevos Ecoterra Gallinas Libres Orgánicos 10 un.",
    "brand": "Ecoterra",
    "category": "lacteos-huevos-y-congelados",
    "price": 6390,
    "price_original": null,
    "currency": "CLP",
    "size": null,
    "unit_price": null,
    "image_url": "https://jumbocl.vteximg.com.br/arquivos/ids/509220-250-250/Huevos-Ecoterra-Gallinas-Libres-Organicos-10-un.jpg?v=638935589166700000",
    "productUrl": "https://www.jumbo.cl/huevo-organico-10-un/p",
    "in_stock": true,
    "promo_text": null,
    "sku": "101570",
    "rating": 4.5,
    "description": null
  },
  {
    "id": "60244",
    "name": "Lasagna Bolognesa 600 g",
    "brand": "Sadia",
    "category": "lacteos-huevos-y-congelados",
    "price": 4690,
    "price_original": 5790,
    "currency": "CLP",
    "size": null,
    "unit_price": 7817,
    "image_url": "https://jumbocl.vteximg.com.br/arquivos/ids/360687-250-250/Lasagna-bolognesa-600-g.jpg?v=638776733584500000",
    "productUrl": "https://www.jumbo.cl/lasagna-sadia-bolognesa-600g-sadia/p",
    "in_stock": true,
    "promo_text": "Paga $3.990",
    "sku": "60244",
    "rating": 4.9,
    "description": null
  },
  {
    "id": "147499",
    "name": "Bombón Frambuesa Franui Pink 150 g",
    "brand": "Franuí",
    "category": "lacteos-huevos-y-congelados",
    "price": 5490,
    "price_original": null,
    "currency": "CLP",
    "size": null,
    "unit_price": 36600,
    "image_url": "https://jumbocl.vteximg.com.br/arquivos/ids/404882-250-250/Bombon-Frambuesa-Franui-Pink-150-g.jpg?v=638779826769470000",
    "productUrl": "https://www.jumbo.cl/bombon-frambuesa-franui-pink-150-g/p",
    "in_stock": true,
    "promo_text": null,
    "sku": "147499",
    "rating": 5,
    "description": null
  },
  {
    "id": "154039",
    "name": "Leche Loncoleche Sin Lactosa Capuccino 250 ml",
    "brand": "Loncoleche",
    "category": "lacteos-huevos-y-congelados",
    "price": 1690,
    "price_original": null,
    "currency": "CLP",
    "size": null,
    "unit_price": null,
    "image_url": "https://jumbocl.vteximg.com.br/arquivos/ids/486146-250-250/Leche-Loncoleche-Sin-Lactosa-Capuccino-250-ml.jpg?v=638894114907870000",
    "productUrl": "https://www.jumbo.cl/leche-loncoleche-s-l-cappuc-caf-250ml-2044540/p",
    "in_stock": true,
    "promo_text": null,
    "sku": "154039",
    "rating": null,
    "description": null
  },
  {
    "id": "128091",
    "name": "Nothotdog Vegetal 250 g",
    "brand": "NotCo",
    "category": "lacteos-huevos-y-congelados",
    "price": 2550,
    "price_original": 4150,
    "currency": "CLP",
    "size": null,
    "unit_price": 10200,
    "image_url": "https://jumbocl.vteximg.com.br/arquivos/ids/319907-250-250/NotHotdog-Vegetal-250-g.jpg?v=638776418381900000",
    "productUrl": "https://www.jumbo.cl/nothotdog-250gr-1970156/p",
    "in_stock": true,
    "promo_text": null,
    "sku": "128091",
    "rating": 4.9,
    "description": null
  },
  {
    "id": "7113",
    "name": "Bebida Láctea Chamyto Frutilla 80 ml",
    "brand": "Chamyto",
    "category": "lacteos-huevos-y-congelados",
    "price": 2690,
    "price_original": null,
    "currency": "CLP",
    "size": null,
    "unit_price": null,
    "image_url": "https://jumbocl.vteximg.com.br/arquivos/ids/300439-250-250/784819002-01_6800.jpg?v=638776373408370000",
    "productUrl": "https://www.jumbo.cl/bebida-lactea-nestle-80-cc-frutilla-chamyto/p",
    "in_stock": true,
    "promo_text": null,
    "sku": "7113",
    "rating": null,
    "description": null
  },
  {
    "id": "153231",
    "name": "Alimento en Polvo Senior Neutro 740 g",
    "brand": "Nutren",
    "category": "lacteos-huevos-y-congelados",
    "price": 24642,
    "price_original": 28990,
    "currency": "CLP",
    "size": null,
    "unit_price": 33300,
    "image_url": "https://jumbocl.vteximg.com.br/arquivos/ids/493317-250-250/Alimento-en-Polvo-Senior-Neutro-740-g.jpg?v=638906472588070000",
    "productUrl": "https://www.jumbo.cl/nutren-senior-neut-2042312/p",
    "in_stock": true,
    "promo_text": "15% dcto.",
    "sku": "153231",
    "rating": 5,
    "description": null
  },
  {
    "id": "128048",
    "name": "Hamburguesa Vegetal Beyond Meat 85 g",
    "brand": "Beyond Meat",
    "category": "lacteos-huevos-y-congelados",
    "price": 1913,
    "price_original": 2250,
    "currency": "CLP",
    "size": null,
    "unit_price": 22506,
    "image_url": "https://jumbocl.vteximg.com.br/arquivos/ids/422114-250-250/Hamburguesa-Vegetal-Beyond-Meat-85-g.jpg?v=638809573117370000",
    "productUrl": "https://www.jumbo.cl/hamburguesa-de-vegetales-beyond-85g-1964233/p",
    "in_stock": true,
    "promo_text": "15% dcto.",
    "sku": "128048",
    "rating": 5,
    "description": null
  },
  {
    "id": "153238",
    "name": "Alimento en Polvo Senior Vainilla 740 g",
    "brand": "Nutren",
    "category": "lacteos-huevos-y-congelados",
    "price": 24642,
    "price_original": 28990,
    "currency": "CLP",
    "size": null,
    "unit_price": 33300,
    "image_url": "https://jumbocl.vteximg.com.br/arquivos/ids/493331-250-250/Alimento-en-Polvo-Senior-Vainilla-740-g.jpg?v=638906472645000000",
    "productUrl": "https://www.jumbo.cl/nutren-senior-2042313/p",
    "in_stock": true,
    "promo_text": "15% dcto.",
    "sku": "153238",
    "rating": null,
    "description": null
  },
  {
    "id": "89131",
    "name": "Base Carbonada Frutos del Maipo 500 g",
    "brand": "Frutos Del Maipo",
    "category": "lacteos-huevos-y-congelados",
    "price": 2850,
    "price_original": null,
    "currency": "CLP",
    "size": null,
    "unit_price": 5700,
    "image_url": "https://jumbocl.vteximg.com.br/arquivos/ids/312009-250-250/Base-Carbonada-Frutos-del-Maipo-500-g.jpg?v=638776395293630000",
    "productUrl": "https://www.jumbo.cl/base-carbonada-500-g/p",
    "in_stock": true,
    "promo_text": null,
    "sku": "89131",
    "rating": 5,
    "description": null
  },
  {
    "id": "118060",
    "name": "NotMilk Zero 1 L",
    "brand": "NotCo",
    "category": "lacteos-huevos-y-congelados",
    "price": 1850,
    "price_original": 2550,
    "currency": "CLP",
    "size": null,
    "unit_price": null,
    "image_url": "https://jumbocl.vteximg.com.br/arquivos/ids/542772-250-250/NotMilk-Zero-1-L.jpg?v=638991550568700000",
    "productUrl": "https://www.jumbo.cl/not-milk-zero-1l-1932491/p",
    "in_stock": true,
    "promo_text": null,
    "sku": "118060",
    "rating": 4.9,
    "description": null
  },
  {
    "id": "85455",
    "name": "Helado Dulce de Leche Granizado 750 g",
    "brand": "Jumbo",
    "category": "lacteos-huevos-y-congelados",
    "price": 8490,
    "price_original": null,
    "currency": "CLP",
    "size": null,
    "unit_price": 11320,
    "image_url": "https://jumbocl.vteximg.com.br/arquivos/ids/365751-250-250/Helado-dulce-de-leche-granizado-750-g-1-129728599.jpg?v=638776760386900000",
    "productUrl": "https://www.jumbo.cl/helado-dulce-de-leche-granizado-750-g/p",
    "in_stock": true,
    "promo_text": "Paga $6.368",
    "sku": "85455",
    "rating": null,
    "description": null
  },
  {
    "id": "145",
    "name": "Leche Soprole Descremada Natural 1 L",
    "brand": "Soprole",
    "category": "lacteos-huevos-y-congelados",
    "price": 1320,
    "price_original": null,
    "currency": "CLP",
    "size": null,
    "unit_price": null,
    "image_url": "https://jumbocl.vteximg.com.br/arquivos/ids/527736-250-250/Leche-Soprole-Descremada-Natural-1-L.jpg?v=638967404260770000",
    "productUrl": "https://www.jumbo.cl/leche-descremada-soprole-1-l/p",
    "in_stock": true,
    "promo_text": null,
    "sku": "145",
    "rating": 4.8,
    "description": null
  },
  {
    "id": "1173",
    "name": "Helado de Agua San Francisco Piña 1 L",
    "brand": "San Francisco de Loncomilla",
    "category": "lacteos-huevos-y-congelados",
    "price": 3590,
    "price_original": 4290,
    "currency": "CLP",
    "size": null,
    "unit_price": null,
    "image_url": "https://jumbocl.vteximg.com.br/arquivos/ids/520033-250-250/Helado-de-Agua-San-Francisco-Pi%C3%B1a-1-L.jpg?v=638950469697570000",
    "productUrl": "https://www.jumbo.cl/helado-de-agua-san-francisco-de-loncomilla-1-l-pina/p",
    "in_stock": true,
    "promo_text": null,
    "sku": "1173",
    "rating": 4.7,
    "description": null
  },
  {
    "id": "102835",
    "name": "Helado San Francisco 0% Azúcar Vainilla 1 L",
    "brand": "San Francisco de Loncomilla",
    "category": "lacteos-huevos-y-congelados",
    "price": 6390,
    "price_original": null,
    "currency": "CLP",
    "size": null,
    "unit_price": null,
    "image_url": "https://jumbocl.vteximg.com.br/arquivos/ids/519690-250-250/Helado-San-Francisco-0--Azucar-Vainilla-1-L.jpg?v=638950468782570000",
    "productUrl": "https://www.jumbo.cl/hel-sn-francisco-0-azucar-vainilla-1lt-1881642/p",
    "in_stock": true,
    "promo_text": null,
    "sku": "102835",
    "rating": 4.3,
    "description": null
  },
  {
    "id": "44049",
    "name": "Pack 12 un. Leche Colun Descremada Sin Tapa 1 L",
    "brand": "Colun",
    "category": "lacteos-huevos-y-congelados",
    "price": 13800,
    "price_original": 16200,
    "currency": "CLP",
    "size": null,
    "unit_price": null,
    "image_url": "https://jumbocl.vteximg.com.br/arquivos/ids/357503-250-250/Pack-leche-descremada-sin-tapa-12-un-1-L-c-u.jpg?v=638776719393330000",
    "productUrl": "https://www.jumbo.cl/pack-leche-colun-descremada-sin-tapa-1-l-12-unid/p",
    "in_stock": true,
    "promo_text": null,
    "sku": "44049",
    "rating": null,
    "description": null
  },
  {
    "id": "81330",
    "name": "Leche Loncoleche Descremada 1 L",
    "brand": "Loncoleche",
    "category": "lacteos-huevos-y-congelados",
    "price": 1120,
    "price_original": null,
    "currency": "CLP",
    "size": null,
    "unit_price": null,
    "image_url": "https://jumbocl.vteximg.com.br/arquivos/ids/524892-250-250/Leche-Loncoleche-Descremada-1-L.jpg?v=638961709327170000",
    "productUrl": "https://www.jumbo.cl/leche-descremada-1-l/p",
    "in_stock": true,
    "promo_text": null,
    "sku": "81330",
    "rating": 5,
    "description": null
  },
  {
    "id": "102826",
    "name": "Helado San Francisco 0% Azúcar Chocolate 1 L",
    "brand": "San Francisco de Loncomilla",
    "category": "lacteos-huevos-y-congelados",
    "price": 6390,
    "price_original": null,
    "currency": "CLP",
    "size": null,
    "unit_price": null,
    "image_url": "https://jumbocl.vteximg.com.br/arquivos/ids/519710-250-250/Helado-San-Francisco-0--Azucar-Chocolate-1-L.jpg?v=638950468816330000",
    "productUrl": "https://www.jumbo.cl/hel-sn-francisco-0-azucar-chocolate-1lt-1881644/p",
    "in_stock": true,
    "promo_text": null,
    "sku": "102826",
    "rating": 3.7,
    "description": null
  },
  {
    "id": "56677",
    "name": "Pack 12 un. Leche Loncoleche Semidescremada Sin Lactosa 1 L",
    "brand": "Loncoleche",
    "category": "lacteos-huevos-y-congelados",
    "price": 16680,
    "price_original": null,
    "currency": "CLP",
    "size": null,
    "unit_price": null,
    "image_url": "https://jumbocl.vteximg.com.br/arquivos/ids/360023-250-250/Pack-leche-semidescremada-sin-lactosa-12-un-1-L-c-u.jpg?v=638776730769270000",
    "productUrl": "https://www.jumbo.cl/leche-l-leche-s-lactosa-semid-sq-1lt/p",
    "in_stock": true,
    "promo_text": "Paga $12.600",
    "sku": "56677",
    "rating": 5,
    "description": null
  },
  {
    "id": "102451",
    "name": "Yogurt Colun Protein Plus Frutilla 190 g",
    "brand": "Colun",
    "category": "lacteos-huevos-y-congelados",
    "price": 1370,
    "price_original": null,
    "currency": "CLP",
    "size": null,
    "unit_price": 7211,
    "image_url": "https://jumbocl.vteximg.com.br/arquivos/ids/373090-250-250/YOG-CO-PROT-PR-FRU.jpg?v=638776794068970000",
    "productUrl": "https://www.jumbo.cl/yoghurt-protein-plus-frutilla-190-gr-1871251001/p",
    "in_stock": true,
    "promo_text": null,
    "sku": "102451",
    "rating": 4,
    "description": null
  },
  {
    "id": "102450",
    "name": "Yogurt Colun Protein Plus Chirimoya 190 g",
    "brand": "Colun",
    "category": "lacteos-huevos-y-congelados",
    "price": 1370,
    "price_original": null,
    "currency": "CLP",
    "size": null,
    "unit_price": 7211,
    "image_url": "https://jumbocl.vteximg.com.br/arquivos/ids/373085-250-250/YOG-CO-PROT-PR-CHI.jpg?v=638776794000500000",
    "productUrl": "https://www.jumbo.cl/yoghurt-protein-plus-chirimoya-190-gr-1871251002/p",
    "in_stock": true,
    "promo_text": null,
    "sku": "102450",
    "rating": null,
    "description": null
  },
  {
    "id": "77566",
    "name": "Yogurt Skyr San Benito Frutos del Bosque 150 g",
    "brand": "San Benito",
    "category": "lacteos-huevos-y-congelados",
    "price": 990,
    "price_original": null,
    "currency": "CLP",
    "size": null,
    "unit_price": 6600,
    "image_url": "https://jumbocl.vteximg.com.br/arquivos/ids/363942-250-250/Yoghurt-skyr-frutos-del-bosque-150-g.jpg?v=638776751305900000",
    "productUrl": "https://www.jumbo.cl/yog-skyr-san-benito-150gr-f-del-bosque/p",
    "in_stock": true,
    "promo_text": null,
    "sku": "77566",
    "rating": 5,
    "description": null
  },
  {
    "id": "77565",
    "name": "Yogurt Skyr San Benito Frutilla 150 g",
    "brand": "San Benito",
    "category": "lacteos-huevos-y-congelados",
    "price": 990,
    "price_original": null,
    "currency": "CLP",
    "size": null,
    "unit_price": 6600,
    "image_url": "https://jumbocl.vteximg.com.br/arquivos/ids/363930-250-250/Yoghurt-skyr-frutilla-150-g.jpg?v=638776751254700000",
    "productUrl": "https://www.jumbo.cl/yog-skyr-san-benito-150grs-frutilla/p",
    "in_stock": true,
    "promo_text": null,
    "sku": "77565",
    "rating": 5,
    "description": null
  },
  {
    "id": "81326",
    "name": "Pack 5 un. Yogurt con Cereal Soprole 1+1 Zucaritas + Choco Krispis 140 g",
    "brand": "Soprole",
    "category": "lacteos-huevos-y-congelados",
    "price": 3550,
    "price_original": null,
    "currency": "CLP",
    "size": null,
    "unit_price": 5071,
    "image_url": "https://jumbocl.vteximg.com.br/arquivos/ids/364541-250-250/Pack-5-un-Yoghurt-con-cereales-140-g.jpg?v=638776754620770000",
    "productUrl": "https://www.jumbo.cl/pack-yog-cer-sop-1-1-zuc-choc-5x140g/p",
    "in_stock": true,
    "promo_text": null,
    "sku": "81326",
    "rating": null,
    "description": null
  },
  {
    "id": "7164",
    "name": "Yogurt Natural Soprole Aflanado 155 g",
    "brand": "Soprole",
    "category": "lacteos-huevos-y-congelados",
    "price": 490,
    "price_original": null,
    "currency": "CLP",
    "size": null,
    "unit_price": 3161,
    "image_url": "https://jumbocl.vteximg.com.br/arquivos/ids/429105-250-250/Yogurt-Natural-Soprole-Aflanado-155-g.jpg?v=638812786608970000",
    "productUrl": "https://www.jumbo.cl/yoghurt-batido-soprole-155-g-natural/p",
    "in_stock": true,
    "promo_text": null,
    "sku": "7164",
    "rating": 4.4,
    "description": null
  },
  {
    "id": "147183",
    "name": "Yogurt Natural Soprole 3 Ingredientes 155 g",
    "brand": "Soprole",
    "category": "lacteos-huevos-y-congelados",
    "price": 380,
    "price_original": null,
    "currency": "CLP",
    "size": null,
    "unit_price": 2452,
    "image_url": "https://jumbocl.vteximg.com.br/arquivos/ids/346274-250-250/Yogurt-Natural-Soprole-3-Ingredientes-155-g.jpg?v=638776445596670000",
    "productUrl": "https://www.jumbo.cl/yogurt-bat-soprole-natural-3-ing-155gr-2026153/p",
    "in_stock": true,
    "promo_text": null,
    "sku": "147183",
    "rating": 4.7,
    "description": null
  },
  {
    "id": "50096",
    "name": "Yogurt Soprole Sin Azúcar Trozos Frutilla 155 g",
    "brand": "Soprole",
    "category": "lacteos-huevos-y-congelados",
    "price": 690,
    "price_original": null,
    "currency": "CLP",
    "size": null,
    "unit_price": 3658,
    "image_url": "https://jumbocl.vteximg.com.br/arquivos/ids/411404-250-250/Yogurt-Soprole-Sin-Azucar-Trozos-Frutilla-155-g.jpg?v=638791317130270000",
    "productUrl": "https://www.jumbo.cl/yoghurt-light-soprole-155-g-trozo-frutilla/p",
    "in_stock": true,
    "promo_text": "Lleva 6 por $3.400",
    "sku": "50096",
    "rating": 4.7,
    "description": null
  },
  {
    "id": "1393",
    "name": "Arvejas Tiernas La Crianza 400 g",
    "brand": "La Crianza",
    "category": "lacteos-huevos-y-congelados",
    "price": 2250,
    "price_original": null,
    "currency": "CLP",
    "size": null,
    "unit_price": 5625,
    "image_url": "https://jumbocl.vteximg.com.br/arquivos/ids/298571-250-250/Arvejas-tiernas-400-g.jpg?v=638775754021900000",
    "productUrl": "https://www.jumbo.cl/arvejas-tiernas-la-crianza-bolsa-400-g-congelado-premium-2/p",
    "in_stock": true,
    "promo_text": null,
    "sku": "1393",
    "rating": 4.7,
    "description": null
  },
  {
    "id": "131409",
    "name": "Primavera Cuisine & Co Congelado 500 g",
    "brand": "Cuisine & Co",
    "category": "lacteos-huevos-y-congelados",
    "price": 1890,
    "price_original": null,
    "currency": "CLP",
    "size": null,
    "unit_price": 3000,
    "image_url": "https://jumbocl.vteximg.com.br/arquivos/ids/321027-250-250/Primavera-Congelada-Cuisine---Co-500-g.jpg?v=638776422287530000",
    "productUrl": "https://www.jumbo.cl/primavera-congelada-cuisine-and-co-500g-1953753/p",
    "in_stock": true,
    "promo_text": "Lleva 2 por $3.000",
    "sku": "131409",
    "rating": 5,
    "description": null
  },
  {
    "id": "7068",
    "name": "Yogurt Batido Colun Vainilla Bolsa 1 kg",
    "brand": "Colun",
    "category": "lacteos-huevos-y-congelados",
    "price": 1990,
    "price_original": null,
    "currency": "CLP",
    "size": null,
    "unit_price": 1990,
    "image_url": "https://jumbocl.vteximg.com.br/arquivos/ids/348712-250-250/Yoghurt-batido-Colun-vainilla-1-kg.jpg?v=638776487866270000",
    "productUrl": "https://www.jumbo.cl/yoghurt-batido-colun-vainilla-bolsa-1-kg/p",
    "in_stock": true,
    "promo_text": null,
    "sku": "7068",
    "rating": 5,
    "description": null
  },
  {
    "id": "7259",
    "name": "Yogurt Soprole Gold Tradicional 165 g",
    "brand": "Soprole",
    "category": "lacteos-huevos-y-congelados",
    "price": 770,
    "price_original": null,
    "currency": "CLP",
    "size": null,
    "unit_price": 4667,
    "image_url": "https://jumbocl.vteximg.com.br/arquivos/ids/348773-250-250/Yoghurt-Gold-frutos-secos-y-manzana-165-g.jpg?v=638776488645600000",
    "productUrl": "https://www.jumbo.cl/yoghurt-batido-gold-soprole-165-g-clasico-nueces-pasas-almendras-y-manzanas/p",
    "in_stock": true,
    "promo_text": null,
    "sku": "7259",
    "rating": null,
    "description": null
  },
  {
    "id": "122370",
    "name": "Yogurt Soprole 1+1 Botella 1 L",
    "brand": "Soprole",
    "category": "lacteos-huevos-y-congelados",
    "price": 2690,
    "price_original": null,
    "currency": "CLP",
    "size": null,
    "unit_price": null,
    "image_url": "https://jumbocl.vteximg.com.br/arquivos/ids/388019-250-250/YOGHURT-SOPROLE-1-1-BOTELLA-1-LT.jpg?v=638776854133800000",
    "productUrl": "https://www.jumbo.cl/yoghurt-soprole-1-1-botella-1-lt-1951469/p",
    "in_stock": true,
    "promo_text": null,
    "sku": "122370",
    "rating": 5,
    "description": null
  },
  {
    "id": "7189",
    "name": "Yogurt Soprole Sin Azúcar Frutilla 120 g",
    "brand": "Soprole",
    "category": "lacteos-huevos-y-congelados",
    "price": 350,
    "price_original": null,
    "currency": "CLP",
    "size": null,
    "unit_price": 2917,
    "image_url": "https://jumbocl.vteximg.com.br/arquivos/ids/411396-250-250/Yogurt-Soprole-Sin-Azucar-Frutilla-120-g.jpg?v=638791317070170000",
    "productUrl": "https://www.jumbo.cl/yoghurt-light-soprole-120-g-sabor-frutilla-2/p",
    "in_stock": true,
    "promo_text": null,
    "sku": "7189",
    "rating": 5,
    "description": null
  },
  {
    "id": "7191",
    "name": "Yogurt Soprole Sin Azúcar Vainilla 120 g",
    "brand": "Soprole",
    "category": "lacteos-huevos-y-congelados",
    "price": 350,
    "price_original": null,
    "currency": "CLP",
    "size": null,
    "unit_price": 2917,
    "image_url": "https://jumbocl.vteximg.com.br/arquivos/ids/411400-250-250/Yogurt-Soprole-Sin-Azucar-Vainilla-120-g.jpg?v=638791317099630000",
    "productUrl": "https://www.jumbo.cl/yoghurt-light-soprole-120-g-sabor-vainilla-2/p",
    "in_stock": true,
    "promo_text": null,
    "sku": "7191",
    "rating": 4.5,
    "description": null
  },
  {
    "id": "126807",
    "name": "Yogurt Kéfir Colun Frutilla 120 g",
    "brand": "Colun",
    "category": "lacteos-huevos-y-congelados",
    "price": 450,
    "price_original": null,
    "currency": "CLP",
    "size": null,
    "unit_price": 3192,
    "image_url": "https://jumbocl.vteximg.com.br/arquivos/ids/392569-250-250/Yoghurt-Kefir-Frutilla-120-g.jpg?v=638776871402300000",
    "productUrl": "https://www.jumbo.cl/yoghurt-kefir-colun-120g-frutilla-1961117003/p",
    "in_stock": true,
    "promo_text": "Lleva 6 por $2.300",
    "sku": "126807",
    "rating": 5,
    "description": null
  },
  {
    "id": "84044",
    "name": "Yogurt Soprole 1+1 Pote 155 g",
    "brand": "Soprole",
    "category": "lacteos-huevos-y-congelados",
    "price": 540,
    "price_original": null,
    "currency": "CLP",
    "size": null,
    "unit_price": 3484,
    "image_url": "https://jumbocl.vteximg.com.br/arquivos/ids/365466-250-250/Yoghurt-1-1-de-155-g.jpg?v=638776759191370000",
    "productUrl": "https://www.jumbo.cl/yog-soprole-1-1-155gr-nat-endulzado/p",
    "in_stock": true,
    "promo_text": null,
    "sku": "84044",
    "rating": null,
    "description": null
  },
  {
    "id": "147182",
    "name": "Pack 4 un. Yogurt con Cereal Soprole 1+1 Zucaritas 140 g",
    "brand": "Soprole",
    "category": "lacteos-huevos-y-congelados",
    "price": 2830,
    "price_original": null,
    "currency": "CLP",
    "size": null,
    "unit_price": 5054,
    "image_url": "https://jumbocl.vteximg.com.br/arquivos/ids/346259-250-250/Pack-4-un-Yogurt-con-Cereal-Soprole-1-1-Zucaritas-140-g.jpg?v=638776445567400000",
    "productUrl": "https://www.jumbo.cl/pack-yog-cer-soprole-1-1-zucarita-4x140g-2026150/p",
    "in_stock": true,
    "promo_text": null,
    "sku": "147182",
    "rating": null,
    "description": null
  },
  {
    "id": "7065",
    "name": "Yogurt Batido Colun Piña 125 g",
    "brand": "Colun",
    "category": "lacteos-huevos-y-congelados",
    "price": 320,
    "price_original": null,
    "currency": "CLP",
    "size": null,
    "unit_price": 2560,
    "image_url": "https://jumbocl.vteximg.com.br/arquivos/ids/348709-250-250/Yoghurt-batido-Colun-pi%C3%B1a-125-g.jpg?v=638776487818930000",
    "productUrl": "https://www.jumbo.cl/yoghurt-batido-colun-pina-125-g/p",
    "in_stock": true,
    "promo_text": null,
    "sku": "7065",
    "rating": null,
    "description": null
  },
  {
    "id": "128196",
    "name": "Yogurt Colun Light Vainilla 120 g",
    "brand": "Colun",
    "category": "lacteos-huevos-y-congelados",
    "price": 340,
    "price_original": null,
    "currency": "CLP",
    "size": null,
    "unit_price": 2400,
    "image_url": "https://jumbocl.vteximg.com.br/arquivos/ids/394076-250-250/Yoghurt-Colun-Light-Vainilla-120-g.jpg?v=638776877333370000",
    "productUrl": "https://www.jumbo.cl/yog-colun-light-120gr-vainilla-1970302005/p",
    "in_stock": true,
    "promo_text": "Lleva 8 por $2.300",
    "sku": "128196",
    "rating": 4,
    "description": null
  },
  {
    "id": "137439",
    "name": "Yogurt Colun Origen Natural 900 ml",
    "brand": "Colun",
    "category": "lacteos-huevos-y-congelados",
    "price": 2150,
    "price_original": null,
    "currency": "CLP",
    "size": null,
    "unit_price": null,
    "image_url": "https://jumbocl.vteximg.com.br/arquivos/ids/327562-250-250/YOGHURT-COLUN-ORIGEN-900ML-NATURAL.jpg?v=638776430110430000",
    "productUrl": "https://www.jumbo.cl/yoghurt-colun-origen-900ml-natural-1997656001/p",
    "in_stock": true,
    "promo_text": null,
    "sku": "137439",
    "rating": 4.2,
    "description": null
  },
  {
    "id": "14628",
    "name": "Choclo en Trozos Frutos del Maipo 350 g",
    "brand": "Frutos Del Maipo",
    "category": "lacteos-huevos-y-congelados",
    "price": 2350,
    "price_original": null,
    "currency": "CLP",
    "size": null,
    "unit_price": 6714,
    "image_url": "https://jumbocl.vteximg.com.br/arquivos/ids/303421-250-250/Choclo-En-Trozos-Frutos-del-Maipo-350-g.jpg?v=638776377288400000",
    "productUrl": "https://www.jumbo.cl/choclo-en-trozos-frutos-del-maipo-350-g/p",
    "in_stock": true,
    "promo_text": null,
    "sku": "14628",
    "rating": 5,
    "description": null
  },
  {
    "id": "7066",
    "name": "Yogurt Batido Colun Plátano 125 g",
    "brand": "Colun",
    "category": "lacteos-huevos-y-congelados",
    "price": 320,
    "price_original": null,
    "currency": "CLP",
    "size": null,
    "unit_price": 2560,
    "image_url": "https://jumbocl.vteximg.com.br/arquivos/ids/348710-250-250/Yoghurt-Batido-Colun-Platano-125-g.jpg?v=638776487834600000",
    "productUrl": "https://www.jumbo.cl/yoghurt-batido-colun-platano-125-g/p",
    "in_stock": true,
    "promo_text": null,
    "sku": "7066",
    "rating": null,
    "description": null
  },
  {
    "id": "128190",
    "name": "Yogurt Colun Sin Lactosa Frutilla 120 g",
    "brand": "Colun",
    "category": "lacteos-huevos-y-congelados",
    "price": 370,
    "price_original": null,
    "currency": "CLP",
    "size": null,
    "unit_price": 3083,
    "image_url": "https://jumbocl.vteximg.com.br/arquivos/ids/319771-250-250/Yoghurt-Sin-Lactosa-Frutilla-120-g.jpg?v=638776418177700000",
    "productUrl": "https://www.jumbo.cl/yog-colun-light-sin-lact-120g-frutilla-1972072001/p",
    "in_stock": true,
    "promo_text": null,
    "sku": "128190",
    "rating": 5,
    "description": null
  },
  {
    "id": "7059",
    "name": "Yogurt Batido Colun Cereza 125 g",
    "brand": "Colun",
    "category": "lacteos-huevos-y-congelados",
    "price": 320,
    "price_original": null,
    "currency": "CLP",
    "size": null,
    "unit_price": 2560,
    "image_url": "https://jumbocl.vteximg.com.br/arquivos/ids/348704-250-250/Yoghurt-Batido-Colun-Cereza-125-g.jpg?v=638776487737370000",
    "productUrl": "https://www.jumbo.cl/yoghurt-batido-colun-cereza-125-g/p",
    "in_stock": true,
    "promo_text": null,
    "sku": "7059",
    "rating": null,
    "description": null
  },
  {
    "id": "111572",
    "name": "Yogurt con Cereal Soprole 1+1 Mini Pillows 140 g",
    "brand": "Soprole",
    "category": "lacteos-huevos-y-congelados",
    "price": 730,
    "price_original": null,
    "currency": "CLP",
    "size": null,
    "unit_price": 4867,
    "image_url": "https://jumbocl.vteximg.com.br/arquivos/ids/378504-250-250/Yoghurt---Cereal-1-1-Mini-Pillows-con-cuchara-150-g.jpg?v=638776815696070000",
    "productUrl": "https://www.jumbo.cl/yog-cer-soprole1-1-mini-pillows-c-cu150g-1904134/p",
    "in_stock": true,
    "promo_text": null,
    "sku": "111572",
    "rating": null,
    "description": null
  },
  {
    "id": "127693",
    "name": "Yogurt Loncoleche Sin Lactosa Durazno 140 g",
    "brand": "Loncoleche",
    "category": "lacteos-huevos-y-congelados",
    "price": 620,
    "price_original": null,
    "currency": "CLP",
    "size": null,
    "unit_price": 3571,
    "image_url": "https://jumbocl.vteximg.com.br/arquivos/ids/319611-250-250/Yogurt-sin-Lactosa-Sabor-Durazno-140-g.jpg?v=638776417876170000",
    "productUrl": "https://www.jumbo.cl/yog-s-l-loncoleche-trozo-140g-durazno-1960295003/p",
    "in_stock": true,
    "promo_text": "Lleva 6 por $3.000",
    "sku": "127693",
    "rating": 5,
    "description": null
  },
  {
    "id": "125703",
    "name": "Yogurt Colun Sin Azúcar Chirimoya 120 g",
    "brand": "Colun",
    "category": "lacteos-huevos-y-congelados",
    "price": 350,
    "price_original": null,
    "currency": "CLP",
    "size": null,
    "unit_price": 2917,
    "image_url": "https://jumbocl.vteximg.com.br/arquivos/ids/391211-250-250/Yoghurt-Sin-Azucar-Colun-Chirimoya-120-g.jpg?v=638776866788470000",
    "productUrl": "https://www.jumbo.cl/yoghurt-colun-sin-azucar-120-chirimoya-1959601001/p",
    "in_stock": true,
    "promo_text": null,
    "sku": "125703",
    "rating": 5,
    "description": null
  },
  {
    "id": "128198",
    "name": "Yogurt Colun Sin Lactosa Vainilla 120 g",
    "brand": "Colun",
    "category": "lacteos-huevos-y-congelados",
    "price": 370,
    "price_original": null,
    "currency": "CLP",
    "size": null,
    "unit_price": 3083,
    "image_url": "https://jumbocl.vteximg.com.br/arquivos/ids/394080-250-250/Yoghurt-Sin-Lactosa-Vainilla-120-g.jpg?v=638776877336800000",
    "productUrl": "https://www.jumbo.cl/yog-colun-light-sin-lact-120gr-vainilla-1972072002/p",
    "in_stock": true,
    "promo_text": null,
    "sku": "128198",
    "rating": null,
    "description": null
  },
  {
    "id": "75520",
    "name": "Yogurt Natural Quillayes Pote 800 g",
    "brand": "Quillayes",
    "category": "lacteos-huevos-y-congelados",
    "price": 3590,
    "price_original": null,
    "currency": "CLP",
    "size": null,
    "unit_price": 4488,
    "image_url": "https://jumbocl.vteximg.com.br/arquivos/ids/310590-250-250/Yogurt-Natural-Quillayes-Pote-800-g.jpg?v=638776391851870000",
    "productUrl": "https://www.jumbo.cl/yoghurt-natural-quillayes-800-g/p",
    "in_stock": true,
    "promo_text": null,
    "sku": "75520",
    "rating": 5,
    "description": null
  },
  {
    "id": "134714",
    "name": "Yogurt Batido Soprole Mora 120 g",
    "brand": "Soprole",
    "category": "lacteos-huevos-y-congelados",
    "price": 320,
    "price_original": null,
    "currency": "CLP",
    "size": null,
    "unit_price": 2083,
    "image_url": "https://jumbocl.vteximg.com.br/arquivos/ids/322863-250-250/Yoghurt-Batido-Mora-120-g.jpg?v=638776426467970000",
    "productUrl": "https://www.jumbo.cl/yog-batido-soprole-120gr-mora-728541006/p",
    "in_stock": true,
    "promo_text": "Lleva 8 por $2.000",
    "sku": "134714",
    "rating": null,
    "description": null
  },
  {
    "id": "75522",
    "name": "Yogurt Griego Natural Endulzado Pote 800 g",
    "brand": "Quillayes",
    "category": "lacteos-huevos-y-congelados",
    "price": 3890,
    "price_original": null,
    "currency": "CLP",
    "size": null,
    "unit_price": 4863,
    "image_url": "https://jumbocl.vteximg.com.br/arquivos/ids/310290-250-250/Yogurt-Griego-Quillayes-Natural-Pote-800-g.jpg?v=638776391278300000",
    "productUrl": "https://www.jumbo.cl/yoghurt-griego-natural-endulzado-quillayes-800-g/p",
    "in_stock": true,
    "promo_text": null,
    "sku": "75522",
    "rating": 5,
    "description": null
  },
  {
    "id": "126633",
    "name": "Yogurt Colun Sin Azúcar Frutilla 120 g",
    "brand": "Colun",
    "category": "lacteos-huevos-y-congelados",
    "price": 350,
    "price_original": null,
    "currency": "CLP",
    "size": null,
    "unit_price": 2917,
    "image_url": "https://jumbocl.vteximg.com.br/arquivos/ids/392081-250-250/Yoghurt-Colun-Sin-Azucar-Frutilla-120-g.jpg?v=638776870046200000",
    "productUrl": "https://www.jumbo.cl/yoghurt-colun-sin-azucar-120g-frutilla/p",
    "in_stock": true,
    "promo_text": null,
    "sku": "126633",
    "rating": null,
    "description": null
  },
  {
    "id": "7244",
    "name": "Yogurt Griego Oikos Papaya 110 g",
    "brand": "Oikos",
    "category": "lacteos-huevos-y-congelados",
    "price": 620,
    "price_original": null,
    "currency": "CLP",
    "size": null,
    "unit_price": 5636,
    "image_url": "https://jumbocl.vteximg.com.br/arquivos/ids/300474-250-250/Yogurt-Griego-Oikos-Papaya-110-g.jpg?v=638776373490130000",
    "productUrl": "https://www.jumbo.cl/yoghurt-con-trozos-de-fruta-danone-110-g-papaya/p",
    "in_stock": true,
    "promo_text": null,
    "sku": "7244",
    "rating": 5,
    "description": null
  },
  {
    "id": "7271",
    "name": "Yogurt Griego Sin Azúcar con Trozos de Papaya Pote 110 g",
    "brand": "Quillayes",
    "category": "lacteos-huevos-y-congelados",
    "price": 600,
    "price_original": null,
    "currency": "CLP",
    "size": null,
    "unit_price": 5455,
    "image_url": "https://jumbocl.vteximg.com.br/arquivos/ids/300613-250-250/Yogurt-Griego-Quillayes-Light-Papaya-110-g.jpg?v=638776373710630000",
    "productUrl": "https://www.jumbo.cl/yoghurt-light-quillayes-griego-sabor-papaya-110-g/p",
    "in_stock": true,
    "promo_text": null,
    "sku": "7271",
    "rating": 5,
    "description": null
  },
  {
    "id": "128192",
    "name": "Yogurt Colun Light Frutilla 120 g",
    "brand": "Colun",
    "category": "lacteos-huevos-y-congelados",
    "price": 340,
    "price_original": null,
    "currency": "CLP",
    "size": null,
    "unit_price": 2400,
    "image_url": "https://jumbocl.vteximg.com.br/arquivos/ids/394079-250-250/Yoghurt-Colun-Light-Frutilla-120-g.jpg?v=638776877336170000",
    "productUrl": "https://www.jumbo.cl/yog-colun-light-120gr-frutilla-1970302003/p",
    "in_stock": true,
    "promo_text": "Lleva 8 por $2.300",
    "sku": "128192",
    "rating": 5,
    "description": null
  },
  {
    "id": "112882",
    "name": "Pack 12 un. Yogurt Batido Colun Frutos del Sur 125 g",
    "brand": "Colun",
    "category": "lacteos-huevos-y-congelados",
    "price": 3000,
    "price_original": 3590,
    "currency": "CLP",
    "size": null,
    "unit_price": null,
    "image_url": "https://jumbocl.vteximg.com.br/arquivos/ids/379835-250-250/Pack-Yog-Bat-Colun-Frutosdelsur-12x125gr.jpg?v=638776820737800000",
    "productUrl": "https://www.jumbo.cl/pack-yog-bat-colun-frutosdelsur-12x125gr/p",
    "in_stock": true,
    "promo_text": null,
    "sku": "112882",
    "rating": 5,
    "description": null
  },
  {
    "id": "128186",
    "name": "Yogurt Colun Light Natural 120 g",
    "brand": "Colun",
    "category": "lacteos-huevos-y-congelados",
    "price": 340,
    "price_original": null,
    "currency": "CLP",
    "size": null,
    "unit_price": 2400,
    "image_url": "https://jumbocl.vteximg.com.br/arquivos/ids/394071-250-250/Yoghurt-Colun-Light-Natural-120-g.jpg?v=638776877303130000",
    "productUrl": "https://www.jumbo.cl/yog-colun-light-120gr-natural-1970302006/p",
    "in_stock": true,
    "promo_text": "Lleva 8 por $2.300",
    "sku": "128186",
    "rating": 5,
    "description": null
  },
  {
    "id": "7062",
    "name": "Yogurt Batido Colun Mora 125 g",
    "brand": "Colun",
    "category": "lacteos-huevos-y-congelados",
    "price": 320,
    "price_original": null,
    "currency": "CLP",
    "size": null,
    "unit_price": 2560,
    "image_url": "https://jumbocl.vteximg.com.br/arquivos/ids/348707-250-250/Yoghurt-batido-Colun-mora-125-g.jpg?v=638776487786070000",
    "productUrl": "https://www.jumbo.cl/yoghurt-batido-colun-mora-125-g/p",
    "in_stock": true,
    "promo_text": null,
    "sku": "7062",
    "rating": null,
    "description": null
  },
  {
    "id": "139331",
    "name": "Choclo Grano Cuisine & Co 1 kg",
    "brand": "Cuisine & Co",
    "category": "lacteos-huevos-y-congelados",
    "price": 3150,
    "price_original": null,
    "currency": "CLP",
    "size": null,
    "unit_price": 3150,
    "image_url": "https://jumbocl.vteximg.com.br/arquivos/ids/517087-250-250/Choclo-Grano-Cuisine---Co-1-kg.jpg?v=638948346648870000",
    "productUrl": "https://www.jumbo.cl/choclo-grano-cong-cuisine-and-co-1kg-1993673/p",
    "in_stock": true,
    "promo_text": null,
    "sku": "139331",
    "rating": 5,
    "description": null
  },
  {
    "id": "7061",
    "name": "Yogurt Batido Colun Frutilla Bolsa 1 kg",
    "brand": "Colun",
    "category": "lacteos-huevos-y-congelados",
    "price": 1990,
    "price_original": null,
    "currency": "CLP",
    "size": null,
    "unit_price": 1990,
    "image_url": "https://jumbocl.vteximg.com.br/arquivos/ids/348706-250-250/Yoghurt-batido-frutilla-1-kg.jpg?v=638776487767930000",
    "productUrl": "https://www.jumbo.cl/yoghurt-batido-colun-frutilla-bolsa-1-kg/p",
    "in_stock": true,
    "promo_text": null,
    "sku": "7061",
    "rating": 5,
    "description": null
  },
  {
    "id": "7076",
    "name": "Yogurt Batido Colun Natural 1 kg",
    "brand": "Colun",
    "category": "lacteos-huevos-y-congelados",
    "price": 1970,
    "price_original": null,
    "currency": "CLP",
    "size": null,
    "unit_price": 1970,
    "image_url": "https://jumbocl.vteximg.com.br/arquivos/ids/348717-250-250/Yoghurt-batido-Colun-natural-1-kg.jpg?v=638776487932900000",
    "productUrl": "https://www.jumbo.cl/yoghurt-colun-natural-1-kg/p",
    "in_stock": true,
    "promo_text": null,
    "sku": "7076",
    "rating": 5,
    "description": null
  },
  {
    "id": "98990",
    "name": "Helado Bresler Frugele Frambuesa, Naranja y Piña Multipack 60 ml 18 un.",
    "brand": "Bresler",
    "category": "lacteos-huevos-y-congelados",
    "price": 5490,
    "price_original": 6490,
    "currency": "CLP",
    "size": null,
    "unit_price": null,
    "image_url": "https://jumbocl.vteximg.com.br/arquivos/ids/313353-250-250/Helado-Frugele-Frambuesa-Naranja-y-Pi%C3%B1a-Multipack-18-un-60-ml.jpg?v=638776399466570000",
    "productUrl": "https://www.jumbo.cl/hel-bresler-mpack-frugele-18x60ml-1862144/p",
    "in_stock": true,
    "promo_text": "Lleva 2 por $10.500",
    "sku": "98990",
    "rating": 4.7,
    "description": null
  },
  {
    "id": "56443",
    "name": "Yogurt Griego Nestlé Natural 120 g",
    "brand": "Nestlé",
    "category": "lacteos-huevos-y-congelados",
    "price": 470,
    "price_original": null,
    "currency": "CLP",
    "size": null,
    "unit_price": 3917,
    "image_url": "https://jumbocl.vteximg.com.br/arquivos/ids/359946-250-250/Principal-476066.jpg?v=638776730454500000",
    "productUrl": "https://www.jumbo.cl/yog-griego-nestle-nat-s-endul-120gr/p",
    "in_stock": true,
    "promo_text": null,
    "sku": "56443",
    "rating": 5,
    "description": null
  },
  {
    "id": "103567",
    "name": "Yogurt Goodnes Probióticos Natural Endulzado 140 g",
    "brand": "Nestlé",
    "category": "lacteos-huevos-y-congelados",
    "price": 550,
    "price_original": null,
    "currency": "CLP",
    "size": null,
    "unit_price": 3929,
    "image_url": "https://jumbocl.vteximg.com.br/arquivos/ids/503292-250-250/Yogurt-Goodnes-Probioticos-Natural-Endulzado-140-g.jpg?v=638926278418030000",
    "productUrl": "https://www.jumbo.cl/yoghurt-goodnes-defensas-140-gr-natural/p",
    "in_stock": true,
    "promo_text": null,
    "sku": "103567",
    "rating": 4.7,
    "description": null
  },
  {
    "id": "7186",
    "name": "Yogurt Batido Soprole Vainilla Botella 1 L",
    "brand": "Soprole",
    "category": "lacteos-huevos-y-congelados",
    "price": 2590,
    "price_original": null,
    "currency": "CLP",
    "size": null,
    "unit_price": 2590,
    "image_url": "https://jumbocl.vteximg.com.br/arquivos/ids/348749-250-250/Yoghurt-batido-vainilla-1-kg.jpg?v=638776488352170000",
    "productUrl": "https://www.jumbo.cl/yoghurt-batido-soprole-vainilla-botella-1-kg-2/p",
    "in_stock": true,
    "promo_text": null,
    "sku": "7186",
    "rating": null,
    "description": null
  },
  {
    "id": "7257",
    "name": "Yogurt Soprole Gold Chocolate Almendra 165 g",
    "brand": "Soprole",
    "category": "lacteos-huevos-y-congelados",
    "price": 770,
    "price_original": null,
    "currency": "CLP",
    "size": null,
    "unit_price": 4667,
    "image_url": "https://jumbocl.vteximg.com.br/arquivos/ids/348769-250-250/Yoghurt-gold-Soprole-chocolate-almendra-165-g.jpg?v=638776488598970000",
    "productUrl": "https://www.jumbo.cl/yoghurt-batido-gold-soprole-165-g-clasico-cocholate-almendra/p",
    "in_stock": true,
    "promo_text": null,
    "sku": "7257",
    "rating": 5,
    "description": null
  },
  {
    "id": "137436",
    "name": "Yogurt Colun Origen Frutilla 900 ml",
    "brand": "Colun",
    "category": "lacteos-huevos-y-congelados",
    "price": 2150,
    "price_original": null,
    "currency": "CLP",
    "size": null,
    "unit_price": null,
    "image_url": "https://jumbocl.vteximg.com.br/arquivos/ids/328206-250-250/YOGHURT-COLUN-ORIGEN-900ML-FRUTILLA.jpg?v=638776430633770000",
    "productUrl": "https://www.jumbo.cl/yoghurt-colun-origen-900ml-frutilla-1997656002/p",
    "in_stock": true,
    "promo_text": null,
    "sku": "137436",
    "rating": 5,
    "description": null
  },
  {
    "id": "126632",
    "name": "Yogurt Colun Sin Azúcar Vainilla 120 g",
    "brand": "Colun",
    "category": "lacteos-huevos-y-congelados",
    "price": 350,
    "price_original": null,
    "currency": "CLP",
    "size": null,
    "unit_price": 2917,
    "image_url": "https://jumbocl.vteximg.com.br/arquivos/ids/392082-250-250/Yoghurt-Colun-Sin-Azucar-Vainilla-120-g.jpg?v=638776870047770000",
    "productUrl": "https://www.jumbo.cl/yoghurt-colun-sin-azucar-120g-vainilla/p",
    "in_stock": true,
    "promo_text": null,
    "sku": "126632",
    "rating": 4,
    "description": null
  },
  {
    "id": "75530",
    "name": "Yogurt Griego Artisan Natural 360 g",
    "brand": "Artisan",
    "category": "lacteos-huevos-y-congelados",
    "price": 2320,
    "price_original": null,
    "currency": "CLP",
    "size": null,
    "unit_price": 6444,
    "image_url": "https://jumbocl.vteximg.com.br/arquivos/ids/310402-250-250/Yoghurt-griego-natural-360-g.jpg?v=638776391473070000",
    "productUrl": "https://www.jumbo.cl/yoghurt-griego-artisan-360-g/p",
    "in_stock": true,
    "promo_text": null,
    "sku": "75530",
    "rating": 5,
    "description": null
  },
  {
    "id": "75521",
    "name": "Yogurt Natural 0% Quillayes Pote 800 g",
    "brand": "Quillayes",
    "category": "lacteos-huevos-y-congelados",
    "price": 3690,
    "price_original": null,
    "currency": "CLP",
    "size": null,
    "unit_price": 4613,
    "image_url": "https://jumbocl.vteximg.com.br/arquivos/ids/310276-250-250/Yogurt-Natural-Quillayes-0--Pote-800-g.jpg?v=638776391253230000",
    "productUrl": "https://www.jumbo.cl/yoghurt-natural-0-800-g/p",
    "in_stock": true,
    "promo_text": null,
    "sku": "75521",
    "rating": 5,
    "description": null
  },
  {
    "id": "7148",
    "name": "Yogurt Griego Sin Lactosa con Trozos de Berries Pote 110 g",
    "brand": "Quillayes",
    "category": "lacteos-huevos-y-congelados",
    "price": 600,
    "price_original": null,
    "currency": "CLP",
    "size": null,
    "unit_price": 5455,
    "image_url": "https://jumbocl.vteximg.com.br/arquivos/ids/300480-250-250/Yogurt-Griego-Quillayes-Sin-Lactosa-Berries-110-g.jpg?v=638776373498270000",
    "productUrl": "https://www.jumbo.cl/yoghurt-sin-lactosa-quillayes-quillayes-110-g-sabor-berries/p",
    "in_stock": true,
    "promo_text": null,
    "sku": "7148",
    "rating": 5,
    "description": null
  },
  {
    "id": "7057",
    "name": "Yogurt Batido Colun Damasco Bolsa 1 kg",
    "brand": "Colun",
    "category": "lacteos-huevos-y-congelados",
    "price": 1990,
    "price_original": null,
    "currency": "CLP",
    "size": null,
    "unit_price": 1990,
    "image_url": "https://jumbocl.vteximg.com.br/arquivos/ids/348702-250-250/Yoghurt-batido-Colun-damasco-1-kg.jpg?v=638776487704570000",
    "productUrl": "https://www.jumbo.cl/yoghurt-batido-colun-bolsa-1-kg-damasco/p",
    "in_stock": true,
    "promo_text": null,
    "sku": "7057",
    "rating": null,
    "description": null
  },
  {
    "id": "20417",
    "name": "Yogurt Soprole Batifrut Trozos Frutilla 165 g",
    "brand": "Soprole",
    "category": "lacteos-huevos-y-congelados",
    "price": 690,
    "price_original": null,
    "currency": "CLP",
    "size": null,
    "unit_price": 4182,
    "image_url": "https://jumbocl.vteximg.com.br/arquivos/ids/304227-250-250/Yogurt-Soprole-Batifrut-Trozos-Frutilla-165-g.jpg?v=638776379613800000",
    "productUrl": "https://www.jumbo.cl/yoghurt-batido-batifrut-soprole-clasico-frutilla-165-g/p",
    "in_stock": true,
    "promo_text": null,
    "sku": "20417",
    "rating": null,
    "description": null
  },
  {
    "id": "136718",
    "name": "Yogurt Soprole Sin Azúcar Trozos Frutos del Bosque 155 g",
    "brand": "Soprole",
    "category": "lacteos-huevos-y-congelados",
    "price": 690,
    "price_original": null,
    "currency": "CLP",
    "size": null,
    "unit_price": 3658,
    "image_url": "https://jumbocl.vteximg.com.br/arquivos/ids/432123-250-250/Yogurt-Soprole-Sin-Azucar-Trozos-Frutos-del-Bosque-155-g.jpg?v=638821502592000000",
    "productUrl": "https://www.jumbo.cl/yog-sin-azuc-tro-soprole-frut-bosq-155g-1998035/p",
    "in_stock": true,
    "promo_text": "Lleva 6 por $3.400",
    "sku": "136718",
    "rating": null,
    "description": null
  },
  {
    "id": "20488",
    "name": "Yogurt Griego Sin Azúcar con Trozos de Berries Pote 110 g",
    "brand": "Quillayes",
    "category": "lacteos-huevos-y-congelados",
    "price": 600,
    "price_original": null,
    "currency": "CLP",
    "size": null,
    "unit_price": 5455,
    "image_url": "https://jumbocl.vteximg.com.br/arquivos/ids/304230-250-250/Yogurt-Griego-Quillayes-Light-Berries-110-g.jpg?v=638776379617530000",
    "productUrl": "https://www.jumbo.cl/yoghurt-griego-quillayes-light-berries-110-g/p",
    "in_stock": true,
    "promo_text": null,
    "sku": "20488",
    "rating": null,
    "description": null
  },
  {
    "id": "134923",
    "name": "Yogurt Soprole 1+1 Sin Lactosa Choco Krispis 140 g",
    "brand": "Soprole",
    "category": "lacteos-huevos-y-congelados",
    "price": 770,
    "price_original": null,
    "currency": "CLP",
    "size": null,
    "unit_price": 5500,
    "image_url": "https://jumbocl.vteximg.com.br/arquivos/ids/323196-250-250/YOG-CER-1-1-ZEROLACTO-140G-KRISPIS.jpg?v=638776426722200000",
    "productUrl": "https://www.jumbo.cl/yog-cer-1-1-zerolacto-140g-krispis-1990990002/p",
    "in_stock": true,
    "promo_text": null,
    "sku": "134923",
    "rating": null,
    "description": null
  },
  {
    "id": "7248",
    "name": "Yogurt Griego Oikos Colchón de Frutilla 150 g",
    "brand": "Oikos",
    "category": "lacteos-huevos-y-congelados",
    "price": 760,
    "price_original": null,
    "currency": "CLP",
    "size": null,
    "unit_price": 5067,
    "image_url": "https://jumbocl.vteximg.com.br/arquivos/ids/348768-250-250/Yoghurt-con-trozos-de-fruta-frutilla-150-g.jpg?v=638776488589930000",
    "productUrl": "https://www.jumbo.cl/yoghurt-con-trozos-de-fruta-danone-envase-150-g-colchon-de-fruta-trozos-frutilla/p",
    "in_stock": true,
    "promo_text": null,
    "sku": "7248",
    "rating": null,
    "description": null
  },
  {
    "id": "7166",
    "name": "Yogurt Batido Soprole Frutilla 165 g",
    "brand": "Soprole",
    "category": "lacteos-huevos-y-congelados",
    "price": 560,
    "price_original": null,
    "currency": "CLP",
    "size": null,
    "unit_price": 2830,
    "image_url": "https://jumbocl.vteximg.com.br/arquivos/ids/348735-250-250/Yoghurt-batido-Soprole-frutilla-165-g.jpg?v=638776488171870000",
    "productUrl": "https://www.jumbo.cl/yoghurt-batido-soprole-165-g-frutilla/p",
    "in_stock": true,
    "promo_text": "6 por 5 a $2.800",
    "sku": "7166",
    "rating": 4.8,
    "description": null
  },
  {
    "id": "7270",
    "name": "Yogurt Griego Sin Azúcar con Trozos de Frutilla Pote 110 g",
    "brand": "Quillayes",
    "category": "lacteos-huevos-y-congelados",
    "price": 600,
    "price_original": null,
    "currency": "CLP",
    "size": null,
    "unit_price": 5455,
    "image_url": "https://jumbocl.vteximg.com.br/arquivos/ids/300595-250-250/Yogurt-Griego-Quillayes-Light-Frutilla-110-g.jpg?v=638776373684270000",
    "productUrl": "https://www.jumbo.cl/yoghurt-light-quillayes-griego-con-trozos-de-frutilla-110-g/p",
    "in_stock": true,
    "promo_text": null,
    "sku": "7270",
    "rating": null,
    "description": null
  },
  {
    "id": "7063",
    "name": "Yogurt Batido Colun Mora Bolsa 1 kg",
    "brand": "Colun",
    "category": "lacteos-huevos-y-congelados",
    "price": 1990,
    "price_original": null,
    "currency": "CLP",
    "size": null,
    "unit_price": 1990,
    "image_url": "https://jumbocl.vteximg.com.br/arquivos/ids/348708-250-250/Yoghurt-batido-mora-1-kg.jpg?v=638776487801130000",
    "productUrl": "https://www.jumbo.cl/yoghurt-batido-colun-mora-bolsa-1-kg/p",
    "in_stock": true,
    "promo_text": null,
    "sku": "7063",
    "rating": null,
    "description": null
  },
  {
    "id": "50097",
    "name": "Yogurt Soprole Sin Azúcar Trozos Chía Arándano 155 g",
    "brand": "Soprole",
    "category": "lacteos-huevos-y-congelados",
    "price": 710,
    "price_original": null,
    "currency": "CLP",
    "size": null,
    "unit_price": 3658,
    "image_url": "https://jumbocl.vteximg.com.br/arquivos/ids/411407-250-250/Yogurt-Soprole-Sin-Azucar-Trozos-Chia-Arandano-155-g.jpg?v=638791317161300000",
    "productUrl": "https://www.jumbo.cl/yoghurt-light-soprole-155-g-ch-a-ar-ndano/p",
    "in_stock": true,
    "promo_text": "Lleva 6 por $3.400",
    "sku": "50097",
    "rating": null,
    "description": null
  },
  {
    "id": "118049",
    "name": "Pack 6 un. Yogurt Batido Yogu Yogu Frutilla 115 ml",
    "brand": "Yogu - Yogu",
    "category": "lacteos-huevos-y-congelados",
    "price": 2394,
    "price_original": null,
    "currency": "CLP",
    "size": null,
    "unit_price": 3470,
    "image_url": "https://jumbocl.vteximg.com.br/arquivos/ids/498521-250-250/Pack-6-un-Yogurt-Batido-Yogu-Yogu-Frutilla-115-ml.jpg?v=638913497970370000",
    "productUrl": "https://www.jumbo.cl/yog-yogu-yogu-tetra-115gr-frutilla-1934590001-pak/p",
    "in_stock": true,
    "promo_text": null,
    "sku": "118049",
    "rating": 5,
    "description": null
  },
  {
    "id": "7247",
    "name": "Yogurt Griego Oikos Colchón de Papaya 150 g",
    "brand": "Oikos",
    "category": "lacteos-huevos-y-congelados",
    "price": 760,
    "price_original": null,
    "currency": "CLP",
    "size": null,
    "unit_price": 5067,
    "image_url": "https://jumbocl.vteximg.com.br/arquivos/ids/348767-250-250/Yoghurt-con-trozos-de-fruta-Danone-colchon-de-frutas-papaya-150-g.jpg?v=638776488577130000",
    "productUrl": "https://www.jumbo.cl/yoghurt-con-trozos-de-fruta-danone-150-g-colchon-de-frutas-sabor-papaya/p",
    "in_stock": true,
    "promo_text": null,
    "sku": "7247",
    "rating": 5,
    "description": null
  },
  {
    "id": "7056",
    "name": "Yogurt Batido Colun Frambuesa 125 g",
    "brand": "Colun",
    "category": "lacteos-huevos-y-congelados",
    "price": 320,
    "price_original": null,
    "currency": "CLP",
    "size": null,
    "unit_price": 2560,
    "image_url": "https://jumbocl.vteximg.com.br/arquivos/ids/348701-250-250/Yoghurt-batido-frambuesa-125-g.jpg?v=638776487689200000",
    "productUrl": "https://www.jumbo.cl/yoghurt-batido-colun-125-g-frambuesa/p",
    "in_stock": true,
    "promo_text": null,
    "sku": "7056",
    "rating": 5,
    "description": null
  },
  {
    "id": "106578",
    "name": "Pack 5 un. Yogurt con Cereal Soprole 1+1 Zucaritas + Mini Cookies 140 g",
    "brand": "Soprole",
    "category": "lacteos-huevos-y-congelados",
    "price": 3550,
    "price_original": null,
    "currency": "CLP",
    "size": null,
    "unit_price": 5071,
    "image_url": "https://jumbocl.vteximg.com.br/arquivos/ids/375897-250-250/Pack-5-un-Yoghurt-con-cereales-y-minigalletas-140-g.jpg?v=638776805409700000",
    "productUrl": "https://www.jumbo.cl/pack-5-un-yoghurt-mas-cereal-1-1-140-g/p",
    "in_stock": true,
    "promo_text": null,
    "sku": "106578",
    "rating": null,
    "description": null
  },
  {
    "id": "77563",
    "name": "Yogurt Skyr San Benito Natural 150 g",
    "brand": "San Benito",
    "category": "lacteos-huevos-y-congelados",
    "price": 990,
    "price_original": null,
    "currency": "CLP",
    "size": null,
    "unit_price": 6600,
    "image_url": "https://jumbocl.vteximg.com.br/arquivos/ids/363934-250-250/Yoghurt-skyr-natural-150-g.jpg?v=638776751257070000",
    "productUrl": "https://www.jumbo.cl/yog-skyr-san-benito-150grs-natural/p",
    "in_stock": true,
    "promo_text": null,
    "sku": "77563",
    "rating": 4.1,
    "description": null
  },
  {
    "id": "7174",
    "name": "Yogurt Batido Soprole Chirimoya 165 g",
    "brand": "Soprole",
    "category": "lacteos-huevos-y-congelados",
    "price": 560,
    "price_original": null,
    "currency": "CLP",
    "size": null,
    "unit_price": 2830,
    "image_url": "https://jumbocl.vteximg.com.br/arquivos/ids/348739-250-250/Yoghurt-batido-Soprole-chirimoya-165-g.jpg?v=638776488222700000",
    "productUrl": "https://www.jumbo.cl/yoghurt-batido-soprole-chirimoya-165-g-2/p",
    "in_stock": true,
    "promo_text": "6 por 5 a $2.800",
    "sku": "7174",
    "rating": null,
    "description": null
  },
  {
    "id": "7058",
    "name": "Yogurt Batido Colun Frambuesa Bolsa 1 kg",
    "brand": "Colun",
    "category": "lacteos-huevos-y-congelados",
    "price": 1990,
    "price_original": null,
    "currency": "CLP",
    "size": null,
    "unit_price": 1990,
    "image_url": "https://jumbocl.vteximg.com.br/arquivos/ids/348703-250-250/Principal-10401.jpg?v=638776487721430000",
    "productUrl": "https://www.jumbo.cl/yoghurt-batido-colun-bolsa-1-kg-frambuesa/p",
    "in_stock": true,
    "promo_text": null,
    "sku": "7058",
    "rating": 5,
    "description": null
  },
  {
    "id": "103568",
    "name": "Yogurt Nestlé Goodnes Sabor Frutilla 140 g",
    "brand": "Nestlé",
    "category": "lacteos-huevos-y-congelados",
    "price": 550,
    "price_original": null,
    "currency": "CLP",
    "size": null,
    "unit_price": 3929,
    "image_url": "https://jumbocl.vteximg.com.br/arquivos/ids/503331-250-250/Yogurt-Nestle-Goodnes-Sabor-Frutilla-140-g.jpg?v=638926278767870000",
    "productUrl": "https://www.jumbo.cl/yoghurt-goodnes-defensas-140-gr-frutilla/p",
    "in_stock": true,
    "promo_text": null,
    "sku": "103568",
    "rating": 5,
    "description": null
  },
  {
    "id": "20492",
    "name": "Yogurt Griego Sin Azúcar con Trozos de Durazno Pote 110 g",
    "brand": "Quillayes",
    "category": "lacteos-huevos-y-congelados",
    "price": 600,
    "price_original": null,
    "currency": "CLP",
    "size": null,
    "unit_price": 5455,
    "image_url": "https://jumbocl.vteximg.com.br/arquivos/ids/304241-250-250/Yogurt-Griego-Quillayes-Light-Duraznos-110-g.jpg?v=638776379649230000",
    "productUrl": "https://www.jumbo.cl/yoghurt-griego-quillayes-light-durazno-110-g/p",
    "in_stock": true,
    "promo_text": null,
    "sku": "20492",
    "rating": null,
    "description": null
  },
  {
    "id": "128199",
    "name": "Yogurt Colun Light Mora 120 g",
    "brand": "Colun",
    "category": "lacteos-huevos-y-congelados",
    "price": 340,
    "price_original": null,
    "currency": "CLP",
    "size": null,
    "unit_price": 2400,
    "image_url": "https://jumbocl.vteximg.com.br/arquivos/ids/394083-250-250/Yoghurt-Colun-Light-Mora-120-g.jpg?v=638776877365800000",
    "productUrl": "https://www.jumbo.cl/yog-colun-light-120gr-mora-1970302004/p",
    "in_stock": true,
    "promo_text": "Lleva 8 por $2.300",
    "sku": "128199",
    "rating": null,
    "description": null
  },
  {
    "id": "7184",
    "name": "Yogurt Batido Soprole Vainilla 165 g",
    "brand": "Soprole",
    "category": "lacteos-huevos-y-congelados",
    "price": 560,
    "price_original": null,
    "currency": "CLP",
    "size": null,
    "unit_price": 2830,
    "image_url": "https://jumbocl.vteximg.com.br/arquivos/ids/348747-250-250/Yoghurt-batido-Soprole-vainilla-165-g.jpg?v=638776488328600000",
    "productUrl": "https://www.jumbo.cl/yoghurt-batido-soprole-vainilla-165-g/p",
    "in_stock": true,
    "promo_text": "6 por 5 a $2.800",
    "sku": "7184",
    "rating": null,
    "description": null
  },
  {
    "id": "7172",
    "name": "Yogurt Batido Soprole Frutilla Bolsa 1 kg",
    "brand": "Soprole",
    "category": "lacteos-huevos-y-congelados",
    "price": 1990,
    "price_original": null,
    "currency": "CLP",
    "size": null,
    "unit_price": 1990,
    "image_url": "https://jumbocl.vteximg.com.br/arquivos/ids/348736-250-250/Yoghurt-batido-frutilla-1-kg.jpg?v=638776488182600000",
    "productUrl": "https://www.jumbo.cl/yoghurt-batido-soprole-bolsa-1-kg-frutilla-2/p",
    "in_stock": true,
    "promo_text": null,
    "sku": "7172",
    "rating": null,
    "description": null
  },
  {
    "id": "7173",
    "name": "Yogurt Batido Soprole Frutilla Botella 1 L",
    "brand": "Soprole",
    "category": "lacteos-huevos-y-congelados",
    "price": 2590,
    "price_original": null,
    "currency": "CLP",
    "size": null,
    "unit_price": 2590,
    "image_url": "https://jumbocl.vteximg.com.br/arquivos/ids/348737-250-250/Yoghurt-batido-frutilla-1-kg.jpg?v=638776488195900000",
    "productUrl": "https://www.jumbo.cl/yoghurt-batido-soprole-botella-1-kg-frutilla/p",
    "in_stock": true,
    "promo_text": null,
    "sku": "7173",
    "rating": null,
    "description": null
  },
  {
    "id": "128197",
    "name": "Yogurt Colun Light Damasco 120 g",
    "brand": "Colun",
    "category": "lacteos-huevos-y-congelados",
    "price": 340,
    "price_original": null,
    "currency": "CLP",
    "size": null,
    "unit_price": 2400,
    "image_url": "https://jumbocl.vteximg.com.br/arquivos/ids/394077-250-250/Yoghurt-Colun-Light-Damasco-120-g.jpg?v=638776877335070000",
    "productUrl": "https://www.jumbo.cl/yog-colun-light-120gr-damasco-1970302001/p",
    "in_stock": true,
    "promo_text": "Lleva 8 por $2.300",
    "sku": "128197",
    "rating": null,
    "description": null
  },
  {
    "id": "20420",
    "name": "Yogurt Soprole Batifrut Trozos Durazno 165 g",
    "brand": "Soprole",
    "category": "lacteos-huevos-y-congelados",
    "price": 690,
    "price_original": null,
    "currency": "CLP",
    "size": null,
    "unit_price": 4182,
    "image_url": "https://jumbocl.vteximg.com.br/arquivos/ids/304265-250-250/Yogurt-Soprole-Batifrut-Trozos-Durazno-165-g.jpg?v=638776379716170000",
    "productUrl": "https://www.jumbo.cl/yoghurt-batido-batifrut-soprole-clasico-durazno-165-g/p",
    "in_stock": true,
    "promo_text": null,
    "sku": "20420",
    "rating": null,
    "description": null
  },
  {
    "id": "80167",
    "name": "Yogurt Soprole Sin Azúcar Vainilla 155 g",
    "brand": "Soprole",
    "category": "lacteos-huevos-y-congelados",
    "price": 620,
    "price_original": null,
    "currency": "CLP",
    "size": null,
    "unit_price": 4000,
    "image_url": "https://jumbocl.vteximg.com.br/arquivos/ids/411411-250-250/Yogurt-Soprole-Sin-Azucar-Vainilla-155-g.jpg?v=638791317208400000",
    "productUrl": "https://www.jumbo.cl/yog-light-soprole-155gr-vainilla/p",
    "in_stock": true,
    "promo_text": null,
    "sku": "80167",
    "rating": 5,
    "description": null
  },
  {
    "id": "7243",
    "name": "Yogurt Griego Oikos Trozos Frutilla 110 g",
    "brand": "Oikos",
    "category": "lacteos-huevos-y-congelados",
    "price": 620,
    "price_original": null,
    "currency": "CLP",
    "size": null,
    "unit_price": 5636,
    "image_url": "https://jumbocl.vteximg.com.br/arquivos/ids/300462-250-250/Yogurt-Griego-Oikos-Trozos-Frutilla-110-g.jpg?v=638776373462500000",
    "productUrl": "https://www.jumbo.cl/yoghurt-con-trozos-de-fruta-danone-110-g-frutilla/p",
    "in_stock": true,
    "promo_text": null,
    "sku": "7243",
    "rating": null,
    "description": null
  },
  {
    "id": "7188",
    "name": "Yogurt Soprole Sin Azúcar Durazno 120 g",
    "brand": "Soprole",
    "category": "lacteos-huevos-y-congelados",
    "price": 350,
    "price_original": null,
    "currency": "CLP",
    "size": null,
    "unit_price": 2917,
    "image_url": "https://jumbocl.vteximg.com.br/arquivos/ids/411402-250-250/Yogurt-Soprole-Sin-Azucar-Durazno-120-g.jpg?v=638791317115800000",
    "productUrl": "https://www.jumbo.cl/yoghurt-light-soprole-120-g-sabor-durazno-2/p",
    "in_stock": true,
    "promo_text": null,
    "sku": "7188",
    "rating": null,
    "description": null
  },
  {
    "id": "20418",
    "name": "Yogurt Soprole Batifrut Trozos Piña 165 g",
    "brand": "Soprole",
    "category": "lacteos-huevos-y-congelados",
    "price": 690,
    "price_original": null,
    "currency": "CLP",
    "size": null,
    "unit_price": 4182,
    "image_url": "https://jumbocl.vteximg.com.br/arquivos/ids/304242-250-250/Yogurt-Soprole-Batifrut-Trozos-Pi%C3%B1a-165-g.jpg?v=638776379650630000",
    "productUrl": "https://www.jumbo.cl/yoghurt-batido-batifrut-soprole-clasico-pina-165-g/p",
    "in_stock": true,
    "promo_text": null,
    "sku": "20418",
    "rating": null,
    "description": null
  },
  {
    "id": "7051",
    "name": "Pack 5 un. Yogurt con Cereal Colun Yogu Mix 140 g",
    "brand": "Colun",
    "category": "lacteos-huevos-y-congelados",
    "price": 3390,
    "price_original": null,
    "currency": "CLP",
    "size": null,
    "unit_price": 4843,
    "image_url": "https://jumbocl.vteximg.com.br/arquivos/ids/300452-250-250/Pack-Yogurt-Con-Cereal-Colun-Kids-Yogumix-140-g-5-un.jpg?v=638776373437670000",
    "productUrl": "https://www.jumbo.cl/pack-yoghurt-colun-yogumix-5-x-140-g/p",
    "in_stock": true,
    "promo_text": null,
    "sku": "7051",
    "rating": null,
    "description": null
  },
  {
    "id": "7185",
    "name": "Yogurt Batido Soprole Vainilla Bolsa 1 kg",
    "brand": "Soprole",
    "category": "lacteos-huevos-y-congelados",
    "price": 1990,
    "price_original": null,
    "currency": "CLP",
    "size": null,
    "unit_price": 1990,
    "image_url": "https://jumbocl.vteximg.com.br/arquivos/ids/348748-250-250/Yoghurt-batido-vainilla-1-kg.jpg?v=638776488339670000",
    "productUrl": "https://www.jumbo.cl/yoghurt-batido-soprole-vainilla-bolsa-1-kg-2/p",
    "in_stock": true,
    "promo_text": null,
    "sku": "7185",
    "rating": null,
    "description": null
  },
  {
    "id": "144181",
    "name": "Yogurt Oikos Nuts Caramel Crunch 142 g",
    "brand": "Oikos",
    "category": "lacteos-huevos-y-congelados",
    "price": 1120,
    "price_original": null,
    "currency": "CLP",
    "size": null,
    "unit_price": 7887,
    "image_url": "https://jumbocl.vteximg.com.br/arquivos/ids/340827-250-250/Yogurt-Oikos-Nuts-Caramel-Crunch-142-g.jpg?v=638776441043500000",
    "productUrl": "https://www.jumbo.cl/yogurt-oikos-nuts-caramel-crunch-142gr-2017576/p",
    "in_stock": true,
    "promo_text": null,
    "sku": "144181",
    "rating": 5,
    "description": null
  },
  {
    "id": "137429",
    "name": "Pack 12 un. Yogurt Colun Sin Azúcar 120 g",
    "brand": "Colun",
    "category": "lacteos-huevos-y-congelados",
    "price": 3850,
    "price_original": null,
    "currency": "CLP",
    "size": null,
    "unit_price": 2674,
    "image_url": "https://jumbocl.vteximg.com.br/arquivos/ids/327975-250-250/YOGHURT-COLUN-PACK-SIN-AZUCAR-12X120GR.jpg?v=638776430438870000",
    "productUrl": "https://www.jumbo.cl/yoghurt-colun-pack-sin-azucar-12x120gr-1997657/p",
    "in_stock": true,
    "promo_text": null,
    "sku": "137429",
    "rating": null,
    "description": null
  },
  {
    "id": "7241",
    "name": "Yogurt Griego Oikos Coco Rallado 110 g",
    "brand": "Oikos",
    "category": "lacteos-huevos-y-congelados",
    "price": 620,
    "price_original": null,
    "currency": "CLP",
    "size": null,
    "unit_price": 5636,
    "image_url": "https://jumbocl.vteximg.com.br/arquivos/ids/300435-250-250/Yogurt-Griego-Oikos-Coco-Rallado-110-g.jpg?v=638776373404000000",
    "productUrl": "https://www.jumbo.cl/yoghurt-con-trozos-de-fruta-danone-110-g-coco-rallado/p",
    "in_stock": true,
    "promo_text": null,
    "sku": "7241",
    "rating": null,
    "description": null
  },
  {
    "id": "153689",
    "name": "Yogurt Batido Soprole Vainilla Sin Azúcar Bolsa 800 g",
    "brand": "Soprole",
    "category": "lacteos-huevos-y-congelados",
    "price": 1690,
    "price_original": null,
    "currency": "CLP",
    "size": null,
    "unit_price": 2113,
    "image_url": "https://jumbocl.vteximg.com.br/arquivos/ids/487669-250-250/Yogurt-Batido-Soprole-Vainilla-Sin-Azucar-Bolsa-800-g.jpg?v=638894125330270000",
    "productUrl": "https://www.jumbo.cl/yogurt-vainil-800g-2044095/p",
    "in_stock": true,
    "promo_text": null,
    "sku": "153689",
    "rating": null,
    "description": null
  },
  {
    "id": "55824",
    "name": "Choclo Peruano Minuto Verde 400 g",
    "brand": "Minuto Verde",
    "category": "lacteos-huevos-y-congelados",
    "price": 3490,
    "price_original": null,
    "currency": "CLP",
    "size": null,
    "unit_price": 8725,
    "image_url": "https://jumbocl.vteximg.com.br/arquivos/ids/359766-250-250/Choclo-peruano-Minuto-Verde-400-g.jpg?v=638776729697730000",
    "productUrl": "https://www.jumbo.cl/choclo-peruano-minuto-verde-400g/p",
    "in_stock": true,
    "promo_text": null,
    "sku": "55824",
    "rating": null,
    "description": null
  },
  {
    "id": "7085",
    "name": "Yogurt Light & Free Natural Endulzado 900 g",
    "brand": "Light & Free",
    "category": "lacteos-huevos-y-congelados",
    "price": 2030,
    "price_original": null,
    "currency": "CLP",
    "size": null,
    "unit_price": 2256,
    "image_url": "https://jumbocl.vteximg.com.br/arquivos/ids/300471-250-250/Yogurt-Light---Free-Natural-Endulzado-900-g.jpg?v=638776373485300000",
    "productUrl": "https://www.jumbo.cl/yoghurt-batido-danone-900-g-light-natural/p",
    "in_stock": true,
    "promo_text": null,
    "sku": "7085",
    "rating": null,
    "description": null
  },
  {
    "id": "128053",
    "name": "Bebida Láctea Kéfir Quillayes 400 g",
    "brand": "Quillayes",
    "category": "lacteos-huevos-y-congelados",
    "price": 2090,
    "price_original": null,
    "currency": "CLP",
    "size": null,
    "unit_price": 5225,
    "image_url": "https://jumbocl.vteximg.com.br/arquivos/ids/393900-250-250/Kefir-Quillayes-400-g.jpg?v=638776876623230000",
    "productUrl": "https://www.jumbo.cl/kefir-quillayes-pote-400gr-1966999/p",
    "in_stock": true,
    "promo_text": null,
    "sku": "128053",
    "rating": 5,
    "description": null
  },
  {
    "id": "121276",
    "name": "Helado Palettas Multipack Sabores Frutales 12 un.",
    "brand": "Palettas",
    "category": "lacteos-huevos-y-congelados",
    "price": 7290,
    "price_original": null,
    "currency": "CLP",
    "size": null,
    "unit_price": 14464,
    "image_url": "https://jumbocl.vteximg.com.br/arquivos/ids/533308-250-250/Helado-Palettas-Multipack-Sabores-Frutales-12-un.jpg?v=638979415266300000",
    "productUrl": "https://www.jumbo.cl/hel-mpck-plt-pin-nrjmng-framfrut-12un42g-1938283/p",
    "in_stock": true,
    "promo_text": null,
    "sku": "121276",
    "rating": 5,
    "description": null
  },
  {
    "id": "136014",
    "name": "Yogurt Activia Sabor Ciruela Sin Lactosa 140 g",
    "brand": "Activia",
    "category": "lacteos-huevos-y-congelados",
    "price": 460,
    "price_original": null,
    "currency": "CLP",
    "size": null,
    "unit_price": 3286,
    "image_url": "https://jumbocl.vteximg.com.br/arquivos/ids/325063-250-250/YOG-POTE-ACTIVIA-140G-CIRUELA.jpg?v=638776428087700000",
    "productUrl": "https://www.jumbo.cl/yog-pote-activia-140g-ciruela-1993355001/p",
    "in_stock": true,
    "promo_text": null,
    "sku": "136014",
    "rating": null,
    "description": null
  },
  {
    "id": "153688",
    "name": "Yogurt Batido Soprole Frutilla Sin Azúcar Bolsa 800 g",
    "brand": "Soprole",
    "category": "lacteos-huevos-y-congelados",
    "price": 1690,
    "price_original": null,
    "currency": "CLP",
    "size": null,
    "unit_price": 2113,
    "image_url": "https://jumbocl.vteximg.com.br/arquivos/ids/487668-250-250/Yogurt-Batido-Soprole-Frutilla-Sin-Azucar-Bolsa-800-g.jpg?v=638894125320570000",
    "productUrl": "https://www.jumbo.cl/yogurt-frutil-800g-2044094/p",
    "in_stock": true,
    "promo_text": null,
    "sku": "153688",
    "rating": null,
    "description": null
  },
  {
    "id": "83922",
    "name": "Alimento de Coco Nestlé Veggie Berries 115 g",
    "brand": "Nestlé",
    "category": "lacteos-huevos-y-congelados",
    "price": 570,
    "price_original": null,
    "currency": "CLP",
    "size": null,
    "unit_price": 4957,
    "image_url": "https://jumbocl.vteximg.com.br/arquivos/ids/365452-250-250/Alimento-de-coco-veggie-berries-115-g.jpg?v=638776759138800000",
    "productUrl": "https://www.jumbo.cl/alim-coco-veggie-n-115g-berries/p",
    "in_stock": true,
    "promo_text": null,
    "sku": "83922",
    "rating": null,
    "description": null
  },
  {
    "id": "7178",
    "name": "Yogurt Batido Soprole Damasco Botella 1 L",
    "brand": "Soprole",
    "category": "lacteos-huevos-y-congelados",
    "price": 2590,
    "price_original": null,
    "currency": "CLP",
    "size": null,
    "unit_price": 2590,
    "image_url": "https://jumbocl.vteximg.com.br/arquivos/ids/348742-250-250/Yoghurt-batido-damasco-1-kg.jpg?v=638776488261100000",
    "productUrl": "https://www.jumbo.cl/yoghurt-batido-soprole-damasco-botella-1-kg/p",
    "in_stock": true,
    "promo_text": null,
    "sku": "7178",
    "rating": null,
    "description": null
  },
  {
    "id": "111529",
    "name": "Yogurt Batido Soprole Frutilla Bolsa 1 kg",
    "brand": "Soprole",
    "category": "lacteos-huevos-y-congelados",
    "price": 2290,
    "price_original": null,
    "currency": "CLP",
    "size": null,
    "unit_price": 2290,
    "image_url": "https://jumbocl.vteximg.com.br/arquivos/ids/378478-250-250/Yoghurt-batido-sin-lactosa-frutilla-1-kg.jpg?v=638776815578270000",
    "productUrl": "https://www.jumbo.cl/yog-bat-soprole-zerolacto-bol-frutilla-1914742001/p",
    "in_stock": true,
    "promo_text": null,
    "sku": "111529",
    "rating": 5,
    "description": null
  },
  {
    "id": "7087",
    "name": "Yogurt Batido Light & Free Frutilla 900 g",
    "brand": "Light & Free",
    "category": "lacteos-huevos-y-congelados",
    "price": 2030,
    "price_original": null,
    "currency": "CLP",
    "size": null,
    "unit_price": 2256,
    "image_url": "https://jumbocl.vteximg.com.br/arquivos/ids/300498-250-250/Yogurt-Batido-Light---Free-Frutilla-900-g.jpg?v=638776373537600000",
    "productUrl": "https://www.jumbo.cl/yoghurt-batido-danone-900-g-light-sabor-frutilla/p",
    "in_stock": true,
    "promo_text": null,
    "sku": "7087",
    "rating": null,
    "description": null
  },
  {
    "id": "97054",
    "name": "Yogurt Batido Light & Free Vainilla 900 g",
    "brand": "Light & Free",
    "category": "lacteos-huevos-y-congelados",
    "price": 2030,
    "price_original": null,
    "currency": "CLP",
    "size": null,
    "unit_price": 2256,
    "image_url": "https://jumbocl.vteximg.com.br/arquivos/ids/312883-250-250/Yogurt-Batido-Light---Free-Vainilla-900-g.jpg?v=638776397868030000",
    "productUrl": "https://www.jumbo.cl/yog-light-and-free-bolsa-900g-vainilla-1618521004/p",
    "in_stock": true,
    "promo_text": null,
    "sku": "97054",
    "rating": null,
    "description": null
  },
  {
    "id": "146539",
    "name": "Yogurt Oikos Miel 110 g",
    "brand": "Oikos",
    "category": "lacteos-huevos-y-congelados",
    "price": 420,
    "price_original": null,
    "currency": "CLP",
    "size": null,
    "unit_price": 3818,
    "image_url": "https://jumbocl.vteximg.com.br/arquivos/ids/345511-250-250/YOGURT-OIKOS-GRIEGO-MIEL-110GR.jpg?v=638776444761100000",
    "productUrl": "https://www.jumbo.cl/yogurt-oikos-griego-miel-110gr-2023353/p",
    "in_stock": true,
    "promo_text": null,
    "sku": "146539",
    "rating": null,
    "description": null
  },
  {
    "id": "80165",
    "name": "Yogurt Soprole Sin Azúcar Frutilla 155 g",
    "brand": "Soprole",
    "category": "lacteos-huevos-y-congelados",
    "price": 620,
    "price_original": null,
    "currency": "CLP",
    "size": null,
    "unit_price": 4000,
    "image_url": "https://jumbocl.vteximg.com.br/arquivos/ids/411409-250-250/Yogurt-Soprole-Sin-Azucar-Frutilla-155-g.jpg?v=638791317194300000",
    "productUrl": "https://www.jumbo.cl/yog-light-soprole-155gr-frutilla/p",
    "in_stock": true,
    "promo_text": null,
    "sku": "80165",
    "rating": 5,
    "description": null
  },
  {
    "id": "20493",
    "name": "Yogurt Griego Sin Lactosa con Trozos de Frutilla Pote 110 g",
    "brand": "Quillayes",
    "category": "lacteos-huevos-y-congelados",
    "price": 600,
    "price_original": null,
    "currency": "CLP",
    "size": null,
    "unit_price": 5455,
    "image_url": "https://jumbocl.vteximg.com.br/arquivos/ids/304251-250-250/Yogurt-Griego-Quillayes-Sin-Lactosa-Frutilla-110-g.jpg?v=638776379682930000",
    "productUrl": "https://www.jumbo.cl/yoghurt-griego-quillayes-sin-lactosa-frutilla-110-g/p",
    "in_stock": true,
    "promo_text": null,
    "sku": "20493",
    "rating": null,
    "description": null
  },
  {
    "id": "115671",
    "name": "Helado Yogen Früz Mix Berries 66 ml 6 un.",
    "brand": "Yogen Früz",
    "category": "lacteos-huevos-y-congelados",
    "price": 6490,
    "price_original": null,
    "currency": "CLP",
    "size": null,
    "unit_price": null,
    "image_url": "https://jumbocl.vteximg.com.br/arquivos/ids/407464-250-250/Helado-Yogen-Fruz-Mix-Berries-66-ml-6-un.jpg?v=638785511457500000",
    "productUrl": "https://www.jumbo.cl/hel-mpack-yogen-fruz-mix-berries6unx66ml-1932690/p",
    "in_stock": true,
    "promo_text": null,
    "sku": "115671",
    "rating": null,
    "description": null
  },
  {
    "id": "111531",
    "name": "Yogurt Batido Soprole Chirimoya Bolsa 1 kg",
    "brand": "Soprole",
    "category": "lacteos-huevos-y-congelados",
    "price": 2290,
    "price_original": null,
    "currency": "CLP",
    "size": null,
    "unit_price": 2290,
    "image_url": "https://jumbocl.vteximg.com.br/arquivos/ids/378475-250-250/Yoghurt-batido-sin-lactosa-chirimoya-1-kg.jpg?v=638776815576400000",
    "productUrl": "https://www.jumbo.cl/yog-bat-soprole-zerolacto-bol-chirimoya-1914742002/p",
    "in_stock": true,
    "promo_text": null,
    "sku": "111531",
    "rating": 5,
    "description": null
  },
  {
    "id": "1265",
    "name": "Barra de Fruta Guallarauco Coco 55 g 8 un.",
    "brand": "Guallarauco",
    "category": "lacteos-huevos-y-congelados",
    "price": 5790,
    "price_original": null,
    "currency": "CLP",
    "size": null,
    "unit_price": null,
    "image_url": "https://jumbocl.vteximg.com.br/arquivos/ids/298510-250-250/Barra-de-fruta-coco-8-x-55-g-c-u.jpg?v=638775753277970000",
    "productUrl": "https://www.jumbo.cl/barra-guallarauco-55-ml-cu-8-unid-chocolatecoco/p",
    "in_stock": true,
    "promo_text": "Lleva 2 por $7.990",
    "sku": "1265",
    "rating": null,
    "description": null
  },
  {
    "id": "83851",
    "name": "Helado Bresler Magnum Mini Almendras Multipack 60 ml 5 un.",
    "brand": "Bresler",
    "category": "lacteos-huevos-y-congelados",
    "price": 5750,
    "price_original": null,
    "currency": "CLP",
    "size": null,
    "unit_price": null,
    "image_url": "https://jumbocl.vteximg.com.br/arquivos/ids/365436-250-250/Helado-mini-almendras-5-un-60-ml-c-u.jpg?v=638776759084800000",
    "productUrl": "https://www.jumbo.cl/multi-pack-magnum-mini-6x60ml-almendras/p",
    "in_stock": true,
    "promo_text": null,
    "sku": "83851",
    "rating": 5,
    "description": null
  },
  {
    "id": "7037",
    "name": "Pack 12 un. Yogurt Batido Calán 110 g",
    "brand": "Calan",
    "category": "lacteos-huevos-y-congelados",
    "price": 2990,
    "price_original": null,
    "currency": "CLP",
    "size": null,
    "unit_price": 2265,
    "image_url": "https://jumbocl.vteximg.com.br/arquivos/ids/348692-250-250/Yoghurt-batido-Calan-110-g-12-unid.jpg?v=638776487559600000",
    "productUrl": "https://www.jumbo.cl/yoghurt-batido-calan-pack-12-unid-110-g/p",
    "in_stock": true,
    "promo_text": null,
    "sku": "7037",
    "rating": null,
    "description": null
  },
  {
    "id": "7177",
    "name": "Yogurt Batido Soprole Damasco Bolsa 1 kg",
    "brand": "Soprole",
    "category": "lacteos-huevos-y-congelados",
    "price": 1990,
    "price_original": null,
    "currency": "CLP",
    "size": null,
    "unit_price": 1990,
    "image_url": "https://jumbocl.vteximg.com.br/arquivos/ids/348741-250-250/Yoghurt-batido-damasco-1-kg.jpg?v=638776488250000000",
    "productUrl": "https://www.jumbo.cl/yoghurt-batido-soprole-damasco-bolsa-1-kg-2/p",
    "in_stock": true,
    "promo_text": null,
    "sku": "7177",
    "rating": null,
    "description": null
  },
  {
    "id": "115666",
    "name": "Yogurt Colun del Sur Frutos Secos 120 g",
    "brand": "Colun",
    "category": "lacteos-huevos-y-congelados",
    "price": 560,
    "price_original": null,
    "currency": "CLP",
    "size": null,
    "unit_price": 4667,
    "image_url": "https://jumbocl.vteximg.com.br/arquivos/ids/381554-250-250/Yoghurt-del-Sur-frutos-secos-120-g.jpg?v=638776827473730000",
    "productUrl": "https://www.jumbo.cl/yog-del-sur-colun-120g-frut-secos-1931262002/p",
    "in_stock": true,
    "promo_text": null,
    "sku": "115666",
    "rating": null,
    "description": null
  },
  {
    "id": "146537",
    "name": "Yogurt Oikos Miel Granola Crunch 142 g",
    "brand": "Griego",
    "category": "lacteos-huevos-y-congelados",
    "price": 1150,
    "price_original": null,
    "currency": "CLP",
    "size": null,
    "unit_price": 8099,
    "image_url": "https://jumbocl.vteximg.com.br/arquivos/ids/345441-250-250/YOGURT-OIKOS-MIEL-GRANOLA-CRUNCH-142GR.jpg?v=638776444708800000",
    "productUrl": "https://www.jumbo.cl/yogurt-oikos-miel-granola-crunch-142gr-2023351/p",
    "in_stock": true,
    "promo_text": null,
    "sku": "146537",
    "rating": null,
    "description": null
  },
  {
    "id": "7258",
    "name": "Yogurt Soprole Gold Lúcuma Nuez 165 g",
    "brand": "Soprole",
    "category": "lacteos-huevos-y-congelados",
    "price": 770,
    "price_original": null,
    "currency": "CLP",
    "size": null,
    "unit_price": 4667,
    "image_url": "https://jumbocl.vteximg.com.br/arquivos/ids/348771-250-250/Yoghurt-gold-Soprole-lucuma-nuez-165-g.jpg?v=638776488623470000",
    "productUrl": "https://www.jumbo.cl/yoghurt-batido-gold-soprole-165-g-clasico-lucuma-nuez/p",
    "in_stock": true,
    "promo_text": null,
    "sku": "7258",
    "rating": null,
    "description": null
  },
  {
    "id": "75353",
    "name": "Yogurt Soprole Sin Lactosa Frutilla 155 g",
    "brand": "Soprole",
    "category": "lacteos-huevos-y-congelados",
    "price": 660,
    "price_original": null,
    "currency": "CLP",
    "size": null,
    "unit_price": 4258,
    "image_url": "https://jumbocl.vteximg.com.br/arquivos/ids/363120-250-250/Yoghurt-sin-lactosa-trozos-frutilla-155-g.jpg?v=638776746542730000",
    "productUrl": "https://www.jumbo.cl/yoghurt-soprole-zerolacto-batifrut-frutilla-155-g/p",
    "in_stock": true,
    "promo_text": "Lleva 6 por $3.400",
    "sku": "75353",
    "rating": null,
    "description": null
  },
  {
    "id": "143419",
    "name": "Yogurt Soprole Batifrut Trozos Papaya 165 g",
    "brand": "Soprole",
    "category": "lacteos-huevos-y-congelados",
    "price": 690,
    "price_original": null,
    "currency": "CLP",
    "size": null,
    "unit_price": 4182,
    "image_url": "https://jumbocl.vteximg.com.br/arquivos/ids/338927-250-250/Yogurt-Soprole-Batifrut-Trozos-Papaya-165-g.jpg?v=638776439646170000",
    "productUrl": "https://www.jumbo.cl/yog-soprole-batifrut-165gr-papaya-1434110005/p",
    "in_stock": true,
    "promo_text": null,
    "sku": "143419",
    "rating": null,
    "description": null
  },
  {
    "id": "127697",
    "name": "Yogurt Loncoleche Sin Lactosa Papaya 140 g",
    "brand": "Loncoleche",
    "category": "lacteos-huevos-y-congelados",
    "price": 620,
    "price_original": null,
    "currency": "CLP",
    "size": null,
    "unit_price": 3571,
    "image_url": "https://jumbocl.vteximg.com.br/arquivos/ids/319687-250-250/Yogurt-sin-Lactosa-Sabor-Papaya-140-g.jpg?v=638776418005270000",
    "productUrl": "https://www.jumbo.cl/yog-s-l-loncoleche-trozo-140g-papaya-1960295002/p",
    "in_stock": true,
    "promo_text": "Lleva 6 por $3.000",
    "sku": "127697",
    "rating": null,
    "description": null
  },
  {
    "id": "7180",
    "name": "Pack 12 un. Yogurt Batido Soprole Sabores 120 g",
    "brand": "Soprole",
    "category": "lacteos-huevos-y-congelados",
    "price": 3450,
    "price_original": null,
    "currency": "CLP",
    "size": null,
    "unit_price": 2396,
    "image_url": "https://jumbocl.vteximg.com.br/arquivos/ids/348744-250-250/Pack-12-un-Yoghurt-frutilla-damasco-y-vainilla-120-g.jpg?v=638776488287130000",
    "productUrl": "https://www.jumbo.cl/yoghurt-batido-soprole-pack-12-unid-120-g-cu-2/p",
    "in_stock": true,
    "promo_text": null,
    "sku": "7180",
    "rating": 5,
    "description": null
  },
  {
    "id": "139721",
    "name": "Ensalada Rusa Congelada Cuisine & Co 500 g",
    "brand": "Cuisine & Co",
    "category": "lacteos-huevos-y-congelados",
    "price": 1990,
    "price_original": null,
    "currency": "CLP",
    "size": null,
    "unit_price": 3400,
    "image_url": "https://jumbocl.vteximg.com.br/arquivos/ids/517081-250-250/Ensalada-Rusa-Congelada-Cuisine---Co-500-g.jpg?v=638948346277630000",
    "productUrl": "https://www.jumbo.cl/ensalada-rusa-cong-cuisine-and-co-500g-1991146/p",
    "in_stock": true,
    "promo_text": "Lleva 2 por $3.400",
    "sku": "139721",
    "rating": null,
    "description": null
  },
  {
    "id": "7233",
    "name": "Yogurt con Cereal Colun Yogu Mix Choco Colores 140 g",
    "brand": "Colun",
    "category": "lacteos-huevos-y-congelados",
    "price": 760,
    "price_original": null,
    "currency": "CLP",
    "size": null,
    "unit_price": 5429,
    "image_url": "https://jumbocl.vteximg.com.br/arquivos/ids/300409-250-250/Yogurt-Colun-Yogumix-Chococolores-140-g.jpg?v=638776373346670000",
    "productUrl": "https://www.jumbo.cl/yoghurt-colun-yogumix-140-g-chococolores/p",
    "in_stock": true,
    "promo_text": null,
    "sku": "7233",
    "rating": 5,
    "description": null
  },
  {
    "id": "7245",
    "name": "Yogurt Griego Oikos Colchón de Durazno 150 g",
    "brand": "Oikos",
    "category": "lacteos-huevos-y-congelados",
    "price": 760,
    "price_original": null,
    "currency": "CLP",
    "size": null,
    "unit_price": 5067,
    "image_url": "https://jumbocl.vteximg.com.br/arquivos/ids/348765-250-250/Yoghurt-con-trozos-de-fruta-Danone-colchon-de-frutas-durazno-150-g.jpg?v=638776488549230000",
    "productUrl": "https://www.jumbo.cl/yoghurt-con-trozos-de-fruta-danone-150-g-colchon-de-frutas-durazno/p",
    "in_stock": true,
    "promo_text": null,
    "sku": "7245",
    "rating": null,
    "description": null
  },
  {
    "id": "1400",
    "name": "Choclo Trozo Minuto Verde 680 g",
    "brand": "Minuto Verde",
    "category": "lacteos-huevos-y-congelados",
    "price": 4950,
    "price_original": null,
    "currency": "CLP",
    "size": null,
    "unit_price": 7279,
    "image_url": "https://jumbocl.vteximg.com.br/arquivos/ids/298585-250-250/Choclo-trozo-680-g.jpg?v=638775754167170000",
    "productUrl": "https://www.jumbo.cl/choclo-minuto-verde-bolsa-680-g-6-trozo-congelado-2/p",
    "in_stock": true,
    "promo_text": null,
    "sku": "1400",
    "rating": null,
    "description": null
  },
  {
    "id": "127826",
    "name": "Yogurt Colun Light Sin Lactosa Chirimoya 900 g",
    "brand": "Colun",
    "category": "lacteos-huevos-y-congelados",
    "price": 2150,
    "price_original": null,
    "currency": "CLP",
    "size": null,
    "unit_price": 2389,
    "image_url": "https://jumbocl.vteximg.com.br/arquivos/ids/393616-250-250/YOG-COLUN-LIGHT-S-L-900GR-CHIRIMOYA.jpg?v=638776875364430000",
    "productUrl": "https://www.jumbo.cl/yog-colun-light-s-l-900gr-chirimoya-1960293002/p",
    "in_stock": true,
    "promo_text": null,
    "sku": "127826",
    "rating": null,
    "description": null
  },
  {
    "id": "7045",
    "name": "Yogurt Batido Calán Vainilla 1 kg",
    "brand": "Calan",
    "category": "lacteos-huevos-y-congelados",
    "price": 1790,
    "price_original": null,
    "currency": "CLP",
    "size": null,
    "unit_price": 1790,
    "image_url": "https://jumbocl.vteximg.com.br/arquivos/ids/348698-250-250/Yoghurt-batido-vainilla-1-kg.jpg?v=638776487639830000",
    "productUrl": "https://www.jumbo.cl/yoghurtcalan-sabor-vainilla-bolsa-1-kg/p",
    "in_stock": true,
    "promo_text": null,
    "sku": "7045",
    "rating": 5,
    "description": null
  },
  {
    "id": "114222",
    "name": "Yogurt Colun del Sur Frutos del Sur 120 g",
    "brand": "Colun",
    "category": "lacteos-huevos-y-congelados",
    "price": 560,
    "price_original": null,
    "currency": "CLP",
    "size": null,
    "unit_price": 4667,
    "image_url": "https://jumbocl.vteximg.com.br/arquivos/ids/381053-250-250/Yoghurt-del-Sur-frutos-del-sur-120-g.jpg?v=638776825778270000",
    "productUrl": "https://www.jumbo.cl/yog-del-sur-colun-120g-frut-del-sur-1931262001/p",
    "in_stock": true,
    "promo_text": null,
    "sku": "114222",
    "rating": 5,
    "description": null
  },
  {
    "id": "127363",
    "name": "Yogurt Colun Light Vainilla 900 g",
    "brand": "Colun",
    "category": "lacteos-huevos-y-congelados",
    "price": 1950,
    "price_original": null,
    "currency": "CLP",
    "size": null,
    "unit_price": 2167,
    "image_url": "https://jumbocl.vteximg.com.br/arquivos/ids/393027-250-250/YOG-COLUN-LIG900G.jpg?v=638776873103200000",
    "productUrl": "https://www.jumbo.cl/yog-colun-lig900g/p",
    "in_stock": true,
    "promo_text": null,
    "sku": "127363",
    "rating": null,
    "description": null
  },
  {
    "id": "128522",
    "name": "Helado Yogen Früz Frambuesa 66 ml 6 un.",
    "brand": "Yogen Früz",
    "category": "lacteos-huevos-y-congelados",
    "price": 6490,
    "price_original": null,
    "currency": "CLP",
    "size": null,
    "unit_price": null,
    "image_url": "https://jumbocl.vteximg.com.br/arquivos/ids/407470-250-250/Helado-Yogen-Fruz-Frambuesa-66-ml-6-un.jpg?v=638785511480800000",
    "productUrl": "https://www.jumbo.cl/hel-mpack-yogen-fruz-frambuesa-6unx66ml-1970665/p",
    "in_stock": true,
    "promo_text": null,
    "sku": "128522",
    "rating": null,
    "description": null
  },
  {
    "id": "127833",
    "name": "Yogurt Colun Light Natural 900 g",
    "brand": "Colun",
    "category": "lacteos-huevos-y-congelados",
    "price": 1950,
    "price_original": null,
    "currency": "CLP",
    "size": null,
    "unit_price": 2167,
    "image_url": "https://jumbocl.vteximg.com.br/arquivos/ids/393624-250-250/YOG-COLUN-LIGHT-900GR-NATURAL.jpg?v=638776875385300000",
    "productUrl": "https://www.jumbo.cl/yog-colun-light-900gr-natural-1959501003/p",
    "in_stock": true,
    "promo_text": null,
    "sku": "127833",
    "rating": null,
    "description": null
  },
  {
    "id": "83852",
    "name": "Helado Bresler Magnum Mini Cookies And Cream Multipack 60 ml 5 un.",
    "brand": "Bresler",
    "category": "lacteos-huevos-y-congelados",
    "price": 5750,
    "price_original": null,
    "currency": "CLP",
    "size": null,
    "unit_price": null,
    "image_url": "https://jumbocl.vteximg.com.br/arquivos/ids/365438-250-250/Helado-Magnum-mini-cookies---cream-5-un-60-ml-c-u.jpg?v=638776759085100000",
    "productUrl": "https://www.jumbo.cl/multi-pack-magnum-mini-6x60ml-co-cream/p",
    "in_stock": true,
    "promo_text": null,
    "sku": "83852",
    "rating": 5,
    "description": null
  },
  {
    "id": "7041",
    "name": "Yogurt Batido Calán Semidescremado Frutilla 110 g",
    "brand": "Calan",
    "category": "lacteos-huevos-y-congelados",
    "price": 280,
    "price_original": null,
    "currency": "CLP",
    "size": null,
    "unit_price": 2545,
    "image_url": "https://jumbocl.vteximg.com.br/arquivos/ids/348694-250-250/Yoghurt-batido-semidescremado-frutilla-110-g.jpg?v=638776487586400000",
    "productUrl": "https://www.jumbo.cl/yoghurt-batido-calan-semidescremado-sabor-frutilla-120-g-2/p",
    "in_stock": true,
    "promo_text": null,
    "sku": "7041",
    "rating": null,
    "description": null
  },
  {
    "id": "127828",
    "name": "Yogurt Colun Light Frutilla 900 g",
    "brand": "Colun",
    "category": "lacteos-huevos-y-congelados",
    "price": 1950,
    "price_original": null,
    "currency": "CLP",
    "size": null,
    "unit_price": 2167,
    "image_url": "https://jumbocl.vteximg.com.br/arquivos/ids/393618-250-250/YOG-COLUN-LIGHT-900GR-FRUTILLA.jpg?v=638776875365370000",
    "productUrl": "https://www.jumbo.cl/yog-colun-light-900gr-frutilla-1959501001/p",
    "in_stock": true,
    "promo_text": null,
    "sku": "127828",
    "rating": null,
    "description": null
  },
  {
    "id": "147185",
    "name": "Yogurt Soprole Gold Nueces Almendras Miel 165 g",
    "brand": "Soprole",
    "category": "lacteos-huevos-y-congelados",
    "price": 770,
    "price_original": null,
    "currency": "CLP",
    "size": null,
    "unit_price": 4667,
    "image_url": "https://jumbocl.vteximg.com.br/arquivos/ids/346293-250-250/Yogurt-Soprole-Gold-Nueces-Almendras-Miel-165-g.jpg?v=638776445627770000",
    "productUrl": "https://www.jumbo.cl/yogurt-soprole-gold-miel-nuez-alm-165gr-2026152/p",
    "in_stock": true,
    "promo_text": null,
    "sku": "147185",
    "rating": null,
    "description": null
  },
  {
    "id": "20537",
    "name": "Yogurt Pucará con Mermelada de Frambuesa 230 g",
    "brand": "Pucará",
    "category": "lacteos-huevos-y-congelados",
    "price": 1690,
    "price_original": null,
    "currency": "CLP",
    "size": null,
    "unit_price": 7348,
    "image_url": "https://jumbocl.vteximg.com.br/arquivos/ids/353563-250-250/Principal-19219.jpg?v=638776698096300000",
    "productUrl": "https://www.jumbo.cl/yoghurt-pucara-sabor-frambuesa-230-g/p",
    "in_stock": true,
    "promo_text": null,
    "sku": "20537",
    "rating": 5,
    "description": null
  },
  {
    "id": "7224",
    "name": "Yogurt + Cereal Nestlé Chocapic+ Milo Multipack 142 g 5 un.",
    "brand": "Nestlé",
    "category": "lacteos-huevos-y-congelados",
    "price": 3450,
    "price_original": null,
    "currency": "CLP",
    "size": null,
    "unit_price": 4859,
    "image_url": "https://jumbocl.vteximg.com.br/arquivos/ids/348762-250-250/Yoghurt---Cereal-Nestle-Chocapic--Milo-multipack--710-g.jpg?v=638776488511000000",
    "productUrl": "https://www.jumbo.cl/yoghurt-con-cereal-nestle-5-unid-142-g-cu-pack-chocapic-y-milo-cucharas-plasticas/p",
    "in_stock": true,
    "promo_text": null,
    "sku": "7224",
    "rating": null,
    "description": null
  },
  {
    "id": "7042",
    "name": "Yogurt Batido Calán Semidescremado Vainilla 110 g",
    "brand": "Calan",
    "category": "lacteos-huevos-y-congelados",
    "price": 280,
    "price_original": null,
    "currency": "CLP",
    "size": null,
    "unit_price": 2545,
    "image_url": "https://jumbocl.vteximg.com.br/arquivos/ids/348695-250-250/Yoghurt-batido-semidescremado-vainilla-120-g.jpg?v=638776487599670000",
    "productUrl": "https://www.jumbo.cl/yoghurt-batido-calan-semidescremado-sabor-vainilla-120-g-2/p",
    "in_stock": true,
    "promo_text": null,
    "sku": "7042",
    "rating": 5,
    "description": null
  },
  {
    "id": "74020",
    "name": "Pack Paleta Helado San Francisco Frambuesa A La Crema 80 g 5 un.",
    "brand": "San Francisco de Loncomilla",
    "category": "lacteos-huevos-y-congelados",
    "price": 6250,
    "price_original": null,
    "currency": "CLP",
    "size": null,
    "unit_price": 15625,
    "image_url": "https://jumbocl.vteximg.com.br/arquivos/ids/519615-250-250/Pack-Paleta-Helado-San-Francisco-Frambuesa-A-La-Crema-80-g-5-un.jpg?v=638950468638200000",
    "productUrl": "https://www.jumbo.cl/pack-paleta-helado-san-francisco-frambuesa-a-la-crema-5-unid-80-g-c-u/p",
    "in_stock": true,
    "promo_text": null,
    "sku": "74020",
    "rating": 5,
    "description": null
  },
  {
    "id": "127824",
    "name": "Yogurt Colun Light Sin Lactosa Frutilla 900 g",
    "brand": "Colun",
    "category": "lacteos-huevos-y-congelados",
    "price": 2150,
    "price_original": null,
    "currency": "CLP",
    "size": null,
    "unit_price": 2389,
    "image_url": "https://jumbocl.vteximg.com.br/arquivos/ids/393615-250-250/YOG-COLUN-LIGHT-S-L-900GR-FRUTILLA.jpg?v=638776875364130000",
    "productUrl": "https://www.jumbo.cl/yog-colun-light-s-l-900gr-frutilla-1960293001/p",
    "in_stock": true,
    "promo_text": null,
    "sku": "127824",
    "rating": null,
    "description": null
  },
  {
    "id": "144814",
    "name": "Multipack Helado Mini Cono Trendy 8 un.",
    "brand": "Trendy",
    "category": "lacteos-huevos-y-congelados",
    "price": 5490,
    "price_original": null,
    "currency": "CLP",
    "size": null,
    "unit_price": 14918,
    "image_url": "https://jumbocl.vteximg.com.br/arquivos/ids/341557-250-250/Helado-Mini-Pack-Mini-Cono-Trendy-8-un-x-46-g.jpg?v=638776441838170000",
    "productUrl": "https://www.jumbo.cl/hel-mpack-mini-cono-trendy-8un-x-46gr-2017436/p",
    "in_stock": true,
    "promo_text": null,
    "sku": "144814",
    "rating": null,
    "description": null
  },
  {
    "id": "131294",
    "name": "Helado Bresler Ambrosito 50 ml 24 un.",
    "brand": "Bresler",
    "category": "lacteos-huevos-y-congelados",
    "price": 5690,
    "price_original": null,
    "currency": "CLP",
    "size": null,
    "unit_price": null,
    "image_url": "https://jumbocl.vteximg.com.br/arquivos/ids/398100-250-250/Helado-Bresler-Ambrosito-24-un-50-ml.jpg?v=638776892579900000",
    "productUrl": "https://www.jumbo.cl/bresler-ambrosito-24x54g-50ml-1970819/p",
    "in_stock": true,
    "promo_text": "Lleva 2 por $9.500",
    "sku": "131294",
    "rating": 3.7,
    "description": null
  },
  {
    "id": "128519",
    "name": "Helado Yogen Früz Mango Maracuyá 66 ml 6 un.",
    "brand": "Yogen Früz",
    "category": "lacteos-huevos-y-congelados",
    "price": 6490,
    "price_original": null,
    "currency": "CLP",
    "size": null,
    "unit_price": null,
    "image_url": "https://jumbocl.vteximg.com.br/arquivos/ids/407473-250-250/Helado-Yogen-Fruz-Mango-Maracuya-66-ml-6-un.jpg?v=638785511497030000",
    "productUrl": "https://www.jumbo.cl/hel-mpack-yogen-fruz-mango-mara-6unx66ml-1970674/p",
    "in_stock": true,
    "promo_text": null,
    "sku": "128519",
    "rating": null,
    "description": null
  },
  {
    "id": "97871",
    "name": "Helado Vegetal Noticecream Multipack Vainilla y Caramelo 65 g 4 un.",
    "brand": "NotCo",
    "category": "lacteos-huevos-y-congelados",
    "price": 4990,
    "price_original": null,
    "currency": "CLP",
    "size": null,
    "unit_price": 19192,
    "image_url": "https://jumbocl.vteximg.com.br/arquivos/ids/370079-250-250/Helado-vegetal-multipack-vainilla-y-caramelo-260-g.jpg?v=638776780495000000",
    "productUrl": "https://www.jumbo.cl/noticecream-multipack-vainilacaramel260g-1857202/p",
    "in_stock": true,
    "promo_text": null,
    "sku": "97871",
    "rating": 5,
    "description": null
  },
  {
    "id": "75532",
    "name": "Yogurt Descremado Artisan Sin Lactosa 360 g",
    "brand": "Artisan",
    "category": "lacteos-huevos-y-congelados",
    "price": 2320,
    "price_original": null,
    "currency": "CLP",
    "size": null,
    "unit_price": 6444,
    "image_url": "https://jumbocl.vteximg.com.br/arquivos/ids/310448-250-250/Yoghurt-descremado-sin-lactosa-360-g.jpg?v=638776391538470000",
    "productUrl": "https://www.jumbo.cl/yoghurt-descremado-artisan-360-g/p",
    "in_stock": true,
    "promo_text": null,
    "sku": "75532",
    "rating": 5,
    "description": null
  },
  {
    "id": "7222",
    "name": "Yogurt + Cereal Nestlé Milo 142 g",
    "brand": "Nestlé",
    "category": "lacteos-huevos-y-congelados",
    "price": 710,
    "price_original": null,
    "currency": "CLP",
    "size": null,
    "unit_price": 5000,
    "image_url": "https://jumbocl.vteximg.com.br/arquivos/ids/348760-250-250/Yoghurt---cereal-Milo-con-cuchara-142-g.jpg?v=638776488487730000",
    "productUrl": "https://www.jumbo.cl/yoghurt-con-cereal-nestle-142-g-cereal-milo-cuchara/p",
    "in_stock": true,
    "promo_text": null,
    "sku": "7222",
    "rating": null,
    "description": null
  },
  {
    "id": "7044",
    "name": "Yogurt Batido Calán Frutilla 1 kg",
    "brand": "Calan",
    "category": "lacteos-huevos-y-congelados",
    "price": 1790,
    "price_original": null,
    "currency": "CLP",
    "size": null,
    "unit_price": 1790,
    "image_url": "https://jumbocl.vteximg.com.br/arquivos/ids/348697-250-250/Yoghurt-batido-frutilla-1-kg.jpg?v=638776487626400000",
    "productUrl": "https://www.jumbo.cl/yoghurtcalan-sabor-frutilla-bolsa-1-kg/p",
    "in_stock": true,
    "promo_text": null,
    "sku": "7044",
    "rating": 5,
    "description": null
  },
  {
    "id": "75527",
    "name": "Yogurt Trozos Quillayes Berries Pote 800 g",
    "brand": "Quillayes",
    "category": "lacteos-huevos-y-congelados",
    "price": 3790,
    "price_original": null,
    "currency": "CLP",
    "size": null,
    "unit_price": 4738,
    "image_url": "https://jumbocl.vteximg.com.br/arquivos/ids/310384-250-250/Yogurt-Trozos-Quillayes-Berries-Pote-800-g.jpg?v=638776391420370000",
    "productUrl": "https://www.jumbo.cl/yoghurt-con-trozos-de-berries-quillayes-800-g/p",
    "in_stock": true,
    "promo_text": null,
    "sku": "75527",
    "rating": null,
    "description": null
  },
  {
    "id": "25559",
    "name": "Yogurt + Cereal Nestlé Trix 142 g",
    "brand": "Nestlé",
    "category": "lacteos-huevos-y-congelados",
    "price": 710,
    "price_original": null,
    "currency": "CLP",
    "size": null,
    "unit_price": 5071,
    "image_url": "https://jumbocl.vteximg.com.br/arquivos/ids/355117-250-250/1084055004-02_24489.jpg?v=638776705265270000",
    "productUrl": "https://www.jumbo.cl/yogurt-nestle-cereal-cuchara-trix-142-g/p",
    "in_stock": true,
    "promo_text": null,
    "sku": "25559",
    "rating": null,
    "description": null
  },
  {
    "id": "119361",
    "name": "Helado San Francisco Multipack Paleta Vainilla Nuss 80 g",
    "brand": "San Francisco de Loncomilla",
    "category": "lacteos-huevos-y-congelados",
    "price": 6250,
    "price_original": null,
    "currency": "CLP",
    "size": null,
    "unit_price": 15625,
    "image_url": "https://jumbocl.vteximg.com.br/arquivos/ids/519789-250-250/Helado-San-Francisco-Multipack-Paleta-Vainilla-Nuss-80-g.jpg?v=638950468973370000",
    "productUrl": "https://www.jumbo.cl/hel-mpack-sn-francisco-vainil-nuss-5x80g-1938190/p",
    "in_stock": true,
    "promo_text": null,
    "sku": "119361",
    "rating": 5,
    "description": null
  },
  {
    "id": "69215",
    "name": "Ensalada Jardinera Frutos del Maipo 500 g",
    "brand": "Frutos Del Maipo",
    "category": "lacteos-huevos-y-congelados",
    "price": 2250,
    "price_original": null,
    "currency": "CLP",
    "size": null,
    "unit_price": 4500,
    "image_url": "https://jumbocl.vteximg.com.br/arquivos/ids/448582-250-250/Ensalada-Jardinera-Frutos-del-Maipo-500-g.jpg?v=638843137673330000",
    "productUrl": "https://www.jumbo.cl/jardinera-frutos-del-maipo-500-g/p",
    "in_stock": true,
    "promo_text": null,
    "sku": "69215",
    "rating": null,
    "description": null
  },
  {
    "id": "7086",
    "name": "Yogurt Light & Free Natural 900 g",
    "brand": "Light & Free",
    "category": "lacteos-huevos-y-congelados",
    "price": 3050,
    "price_original": null,
    "currency": "CLP",
    "size": null,
    "unit_price": 3389,
    "image_url": "https://jumbocl.vteximg.com.br/arquivos/ids/348721-250-250/Yoghurt-batido-light-natural-900-g.jpg?v=638776487980030000",
    "productUrl": "https://www.jumbo.cl/yoghurt-batido-danone-900-g-light-natural-en-botella/p",
    "in_stock": true,
    "promo_text": null,
    "sku": "7086",
    "rating": null,
    "description": null
  },
  {
    "id": "127692",
    "name": "Yogurt Loncoleche Sin Lactosa Berries 140 g",
    "brand": "Loncoleche",
    "category": "lacteos-huevos-y-congelados",
    "price": 620,
    "price_original": null,
    "currency": "CLP",
    "size": null,
    "unit_price": 3571,
    "image_url": "https://jumbocl.vteximg.com.br/arquivos/ids/255145-250-250/Yogurt-sin-Lactosa-Sabor-Berries-140-g.jpg?v=638683350344230000",
    "productUrl": "https://www.jumbo.cl/yog-s-l-loncoleche-trozo-140g-berries-1960295001/p",
    "in_stock": true,
    "promo_text": "Lleva 6 por $3.000",
    "sku": "127692",
    "rating": null,
    "description": null
  },
  {
    "id": "7039",
    "name": "Yogurt Batido Calán Semidescremado Chirimoya 120 g",
    "brand": "Calan",
    "category": "lacteos-huevos-y-congelados",
    "price": 280,
    "price_original": null,
    "currency": "CLP",
    "size": null,
    "unit_price": 2545,
    "image_url": "https://jumbocl.vteximg.com.br/arquivos/ids/348693-250-250/Yoghurt-batido-semidescremado-chirimoya-120-g.jpg?v=638776487572870000",
    "productUrl": "https://www.jumbo.cl/yoghurt-batido-calan-semidescremado-sabor-chirimoya-120-g/p",
    "in_stock": true,
    "promo_text": null,
    "sku": "7039",
    "rating": null,
    "description": null
  },
  {
    "id": "7225",
    "name": "Yogurt + Cereal Nestlé Chocapic + Zucosos Multipack 710 g",
    "brand": "Nestlé",
    "category": "lacteos-huevos-y-congelados",
    "price": 3450,
    "price_original": null,
    "currency": "CLP",
    "size": null,
    "unit_price": 4859,
    "image_url": "https://jumbocl.vteximg.com.br/arquivos/ids/300664-250-250/Yogurt---Cereal-Nestle-Chocapic---Zucosos-Multipack-710-g.jpg?v=638776373788700000",
    "productUrl": "https://www.jumbo.cl/yoghurt-con-cereal-nestle-pack-5-unid-142-g-cu-chocapic-y-zucosos/p",
    "in_stock": true,
    "promo_text": null,
    "sku": "7225",
    "rating": null,
    "description": null
  },
  {
    "id": "83928",
    "name": "Helado Palettas Limón Menta Jengibre 48 g 5 un.",
    "brand": "Palettas",
    "category": "lacteos-huevos-y-congelados",
    "price": 6290,
    "price_original": null,
    "currency": "CLP",
    "size": null,
    "unit_price": 26208,
    "image_url": "https://jumbocl.vteximg.com.br/arquivos/ids/480460-250-250/Helado-Palettas-Limon-Menta-Jengibre-48-g-5-un.jpg?v=638881419227130000",
    "productUrl": "https://www.jumbo.cl/helado-limon-menta-jengibre-5-un-48-g-c-u/p",
    "in_stock": true,
    "promo_text": null,
    "sku": "83928",
    "rating": 5,
    "description": null
  },
  {
    "id": "97889",
    "name": "Helado Vegetal Noticecream Multipack Crema Frambuesa 68 g 4 un.",
    "brand": "NotCo",
    "category": "lacteos-huevos-y-congelados",
    "price": 4990,
    "price_original": null,
    "currency": "CLP",
    "size": null,
    "unit_price": 18346,
    "image_url": "https://jumbocl.vteximg.com.br/arquivos/ids/370088-250-250/Helado-vegetal-multipack-crema-frambuesa-272-g.jpg?v=638776780534900000",
    "productUrl": "https://www.jumbo.cl/noticecream-multipack-cremaframbuesa272g-1857201/p",
    "in_stock": true,
    "promo_text": null,
    "sku": "97889",
    "rating": 5,
    "description": null
  },
  {
    "id": "131417",
    "name": "Helado Trendy Multipack Bob Esponja",
    "brand": "Trendy",
    "category": "lacteos-huevos-y-congelados",
    "price": 6090,
    "price_original": null,
    "currency": "CLP",
    "size": null,
    "unit_price": 6265,
    "image_url": "https://jumbocl.vteximg.com.br/arquivos/ids/398240-250-250/HELADO-MULTIPACK-BOB-ESPONJA-TRENDY.jpg?v=638776893175900000",
    "productUrl": "https://www.jumbo.cl/helado-multipack-bob-esponja-trendy-1966170/p",
    "in_stock": true,
    "promo_text": null,
    "sku": "131417",
    "rating": 5,
    "description": null
  },
  {
    "id": "143392",
    "name": "Trozos de Helado Sandía 52 g Pack 6 un.",
    "brand": "Trendy",
    "category": "lacteos-huevos-y-congelados",
    "price": 4090,
    "price_original": null,
    "currency": "CLP",
    "size": null,
    "unit_price": 682,
    "image_url": "https://jumbocl.vteximg.com.br/arquivos/ids/338440-250-250/Trozos-de-Helado-Sandia-52-g-Pack-6-un.jpg?v=638776439340270000",
    "productUrl": "https://www.jumbo.cl/hel-mpack-trozo-sandia-52g-x-6un-2010237/p",
    "in_stock": true,
    "promo_text": null,
    "sku": "143392",
    "rating": null,
    "description": null
  },
  {
    "id": "146269",
    "name": "Paleta Helado Coco Campoverde 443 ml 6 un.",
    "brand": "Campoverde",
    "category": "lacteos-huevos-y-congelados",
    "price": 7090,
    "price_original": null,
    "currency": "CLP",
    "size": null,
    "unit_price": null,
    "image_url": "https://jumbocl.vteximg.com.br/arquivos/ids/344616-250-250/PALETA-HELADO-COCO-CAMPOVERDE-443ML.jpg?v=638776444081470000",
    "productUrl": "https://www.jumbo.cl/paleta-helado-coco-campoverde-443ml-2020954/p",
    "in_stock": true,
    "promo_text": null,
    "sku": "146269",
    "rating": null,
    "description": null
  },
  {
    "id": "10961",
    "name": "Queso Mantecoso Las Parcelas de Valdivia Trozo Granel",
    "brand": "Las Parcelas de Valdivia",
    "category": "quesos-y-fiambres",
    "price": 1436,
    "price_original": null,
    "currency": "CLP",
    "size": null,
    "unit_price": 14360,
    "image_url": "https://jumbocl.vteximg.com.br/arquivos/ids/301822-250-250/Queso-Mantecoso-Las-Parcelas-de-Valdivia-Trozo-Granel.jpg?v=638776375407800000",
    "productUrl": "https://www.jumbo.cl/queso-mantecoso-las-parcelas-valdivia-granel/p",
    "in_stock": true,
    "promo_text": "Paga $862",
    "sku": "10961",
    "rating": 4.8,
    "description": null
  },
  {
    "id": "10894",
    "name": "Jamón Artesanal Receta del Abuelo Granel",
    "brand": "Receta del Abuelo",
    "category": "quesos-y-fiambres",
    "price": 1076,
    "price_original": 1340,
    "currency": "CLP",
    "size": null,
    "unit_price": 10760,
    "image_url": "https://jumbocl.vteximg.com.br/arquivos/ids/350741-250-250/Jamon-Artesanal-Receta-del-Abuelo-Granel.jpg?v=638776682519330000",
    "productUrl": "https://www.jumbo.cl/jamon-artesanal-receta-del-abuelo-g/p",
    "in_stock": true,
    "promo_text": null,
    "sku": "10894",
    "rating": 4.7,
    "description": null
  },
  {
    "id": "24370",
    "name": "Queso Mantecoso Matthei Laminado Granel",
    "brand": "Matthei",
    "category": "quesos-y-fiambres",
    "price": 1196,
    "price_original": 1516,
    "currency": "CLP",
    "size": null,
    "unit_price": 11960,
    "image_url": "https://jumbocl.vteximg.com.br/arquivos/ids/305180-250-250/Queso-Mantecoso-Matthei-Laminado-Granel.jpg?v=638776381331800000",
    "productUrl": "https://www.jumbo.cl/queso-mantecoso-laminado-matthei-granel/p",
    "in_stock": true,
    "promo_text": "Paga $1.036",
    "sku": "24370",
    "rating": 4.6,
    "description": null
  },
  {
    "id": "10863",
    "name": "Pechuga de Pavo La Preferida Cocida Granel",
    "brand": "La Preferida",
    "category": "quesos-y-fiambres",
    "price": 1316,
    "price_original": 1556,
    "currency": "CLP",
    "size": null,
    "unit_price": 13160,
    "image_url": "https://jumbocl.vteximg.com.br/arquivos/ids/350714-250-250/298072-KG.jpg?v=638776682380770000",
    "productUrl": "https://www.jumbo.cl/pechuga-de-pavo-cocida-la-preferida-2/p",
    "in_stock": true,
    "promo_text": null,
    "sku": "10863",
    "rating": 4.4,
    "description": null
  },
  {
    "id": "10932",
    "name": "Queso Gauda Colun Laminado Granel",
    "brand": "Colun",
    "category": "quesos-y-fiambres",
    "price": 996,
    "price_original": 1260,
    "currency": "CLP",
    "size": null,
    "unit_price": 9960,
    "image_url": "https://jumbocl.vteximg.com.br/arquivos/ids/301939-250-250/Queso-Ranco-Gauda-Colun-Laminado-Granel.jpg?v=638776375587100000",
    "productUrl": "https://www.jumbo.cl/queso-ranco-colun-laminado-granel-2-2-2-2-2/p",
    "in_stock": true,
    "promo_text": null,
    "sku": "10932",
    "rating": 4.8,
    "description": null
  },
  {
    "id": "43049",
    "name": "Queso Mantecoso Las Parcelas de Valdivia Laminado Granel",
    "brand": "Las Parcelas de Valdivia",
    "category": "quesos-y-fiambres",
    "price": 1356,
    "price_original": 1716,
    "currency": "CLP",
    "size": null,
    "unit_price": 13560,
    "image_url": "https://jumbocl.vteximg.com.br/arquivos/ids/307429-250-250/Queso-Mantecoso-Las-Parcelas-de-Valdivia-Laminado-Granel.jpg?v=638776384741330000",
    "productUrl": "https://www.jumbo.cl/queso-mantecoso-lacteos-valdivia-laminado-granel/p",
    "in_stock": true,
    "promo_text": "Paga $1.115",
    "sku": "43049",
    "rating": 4.8,
    "description": null
  },
  {
    "id": "84604",
    "name": "Queso Crema Cuisine & Co Envasado 226 g",
    "brand": "Cuisine & Co",
    "category": "quesos-y-fiambres",
    "price": 2390,
    "price_original": 3190,
    "currency": "CLP",
    "size": null,
    "unit_price": 10575,
    "image_url": "https://jumbocl.vteximg.com.br/arquivos/ids/365568-250-250/Queso-crema-pasteurizado-226-g.jpg?v=638776759545630000",
    "productUrl": "https://www.jumbo.cl/queso-crema-pasteurizado-226-g-cuisine-and-co-1820460/p",
    "in_stock": true,
    "promo_text": null,
    "sku": "84604",
    "rating": 4.8,
    "description": null
  },
  {
    "id": "127157",
    "name": "Queso Chanco Las Parcelas de Valdivia Envasado Laminado 434 g",
    "brand": "Las Parcelas de Valdivia",
    "category": "quesos-y-fiambres",
    "price": 6390,
    "price_original": null,
    "currency": "CLP",
    "size": null,
    "unit_price": 14724,
    "image_url": "https://jumbocl.vteximg.com.br/arquivos/ids/319226-250-250/Queso-Chanco-Las-Parcelas-de-Valdivia-Envasado-Laminado-434-g.jpg?v=638776417045500000",
    "productUrl": "https://www.jumbo.cl/queso-chanco-laminado-valdivia-434g-1961105/p",
    "in_stock": true,
    "promo_text": "Paga $3.834",
    "sku": "127157",
    "rating": 5,
    "description": null
  },
  {
    "id": "119319",
    "name": "Jamón Pierna de Cerdo La Crianza Acaramelado kg",
    "brand": "La Crianza",
    "category": "quesos-y-fiambres",
    "price": 916,
    "price_original": 1220,
    "currency": "CLP",
    "size": null,
    "unit_price": 9160,
    "image_url": "https://jumbocl.vteximg.com.br/arquivos/ids/384397-250-250/Jamon-pierna-de-cerdo-acaramelado-kg.jpg?v=638776839926770000",
    "productUrl": "https://www.jumbo.cl/jamon-pierna-acaramel-la-crianza-granel-1939659-kg/p",
    "in_stock": true,
    "promo_text": "Paga $796",
    "sku": "119319",
    "rating": 5,
    "description": null
  },
  {
    "id": "10989",
    "name": "Queso Mantecoso Río Bueno Trozo Granel",
    "brand": "Río Bueno",
    "category": "quesos-y-fiambres",
    "price": 876,
    "price_original": 1116,
    "currency": "CLP",
    "size": null,
    "unit_price": 8760,
    "image_url": "https://jumbocl.vteximg.com.br/arquivos/ids/302159-250-250/Queso-Mantecoso-Rio-Bueno-Trozo-Granel.jpg?v=638776375850870000",
    "productUrl": "https://www.jumbo.cl/queso-mantecoso-rio-bueno-trozo-granel-2/p",
    "in_stock": true,
    "promo_text": null,
    "sku": "10989",
    "rating": 4.9,
    "description": null
  },
  {
    "id": "10860",
    "name": "Jamón Pierna La Preferida Granel",
    "brand": "La Preferida",
    "category": "quesos-y-fiambres",
    "price": 1396,
    "price_original": null,
    "currency": "CLP",
    "size": null,
    "unit_price": 13960,
    "image_url": "https://jumbocl.vteximg.com.br/arquivos/ids/350712-250-250/297400-KG.jpg?v=638776682376230000",
    "productUrl": "https://www.jumbo.cl/jamon-pierna-la-preferida-granel/p",
    "in_stock": true,
    "promo_text": null,
    "sku": "10860",
    "rating": 4.5,
    "description": null
  },
  {
    "id": "76209",
    "name": "Salame Ahumado La Preferida kg",
    "brand": "La Preferida",
    "category": "quesos-y-fiambres",
    "price": 1290,
    "price_original": 1720,
    "currency": "CLP",
    "size": null,
    "unit_price": 12900,
    "image_url": "https://jumbocl.vteximg.com.br/arquivos/ids/363594-250-250/Salame-ahumado-La-Preferida-granel-1-72799372.jpg?v=638776749058900000",
    "productUrl": "https://www.jumbo.cl/salame-ahumado-la-preferida-granel-2/p",
    "in_stock": true,
    "promo_text": null,
    "sku": "76209",
    "rating": 5,
    "description": null
  },
  {
    "id": "11098",
    "name": "Queso Parmesano Colun Envasado Rallado 80 g",
    "brand": "Colun",
    "category": "quesos-y-fiambres",
    "price": 1590,
    "price_original": 1990,
    "currency": "CLP",
    "size": null,
    "unit_price": null,
    "image_url": "https://jumbocl.vteximg.com.br/arquivos/ids/301981-250-250/Queso-Parmesano-Colun-Envasado-Rallado-80-g.jpg?v=638776375645630000",
    "productUrl": "https://www.jumbo.cl/queso-parmesano-colun-80-g-2/p",
    "in_stock": true,
    "promo_text": null,
    "sku": "11098",
    "rating": 4.5,
    "description": null
  },
  {
    "id": "18555",
    "name": "Jamón Acaramelado Receta del Abuelo Granel",
    "brand": "Receta del Abuelo",
    "category": "quesos-y-fiambres",
    "price": 1076,
    "price_original": 1340,
    "currency": "CLP",
    "size": null,
    "unit_price": 10760,
    "image_url": "https://jumbocl.vteximg.com.br/arquivos/ids/352884-250-250/Jamon-de-Campo-Receta-del-Abuelo-granel-1-17236.jpg?v=638776694941900000",
    "productUrl": "https://www.jumbo.cl/jamon-de-campo-receta-del-abuelo-granel/p",
    "in_stock": true,
    "promo_text": null,
    "sku": "18555",
    "rating": 4.6,
    "description": null
  },
  {
    "id": "88112",
    "name": "Queso Mantecoso Las Parcelas de Valdivia Envasado Laminado 470 g",
    "brand": "Las Parcelas de Valdivia",
    "category": "quesos-y-fiambres",
    "price": 8390,
    "price_original": null,
    "currency": "CLP",
    "size": null,
    "unit_price": 17851,
    "image_url": "https://jumbocl.vteximg.com.br/arquivos/ids/311878-250-250/Queso-Mantecoso-Las-Parcelas-de-Valdivia-Envasado-Laminado-470-g.jpg?v=638776394885000000",
    "productUrl": "https://www.jumbo.cl/queso-mantecoso-laminado-500-g/p",
    "in_stock": true,
    "promo_text": "Paga $5.034",
    "sku": "88112",
    "rating": 4.2,
    "description": null
  },
  {
    "id": "10864",
    "name": "Pechuga de Pavo La Preferida Ahumada Granel",
    "brand": "La Preferida",
    "category": "quesos-y-fiambres",
    "price": 1316,
    "price_original": 1556,
    "currency": "CLP",
    "size": null,
    "unit_price": 13160,
    "image_url": "https://jumbocl.vteximg.com.br/arquivos/ids/350717-250-250/889773-KG.jpg?v=638776682399470000",
    "productUrl": "https://www.jumbo.cl/pechuga-pavo-ahumada-la-preferida-g-2/p",
    "in_stock": true,
    "promo_text": null,
    "sku": "10864",
    "rating": 5,
    "description": null
  },
  {
    "id": "10982",
    "name": "Queso Mantecoso Quilque Envasado Laminado 250 g",
    "brand": "Soprole",
    "category": "quesos-y-fiambres",
    "price": 4170,
    "price_original": null,
    "currency": "CLP",
    "size": null,
    "unit_price": 12980,
    "image_url": "https://jumbocl.vteximg.com.br/arquivos/ids/302015-250-250/Queso-Mantecoso-Soprole-Envasado-Laminado-250-g.jpg?v=638776375693170000",
    "productUrl": "https://www.jumbo.cl/queso-mantecoso-quilque-250-g-2/p",
    "in_stock": true,
    "promo_text": "Lleva 2 por $6.490",
    "sku": "10982",
    "rating": 4.9,
    "description": null
  },
  {
    "id": "98278",
    "name": "Pechuga de Pavo La Preferida Cocida 125 g",
    "brand": "La Preferida",
    "category": "quesos-y-fiambres",
    "price": 2990,
    "price_original": null,
    "currency": "CLP",
    "size": null,
    "unit_price": 20000,
    "image_url": "https://jumbocl.vteximg.com.br/arquivos/ids/313101-250-250/Pechuga-de-pavo-cocida-125-g.jpg?v=638776398475570000",
    "productUrl": "https://www.jumbo.cl/pechuga-de-pavo-cocida-125-g-1859900/p",
    "in_stock": true,
    "promo_text": "Lleva 2 por $5.000",
    "sku": "98278",
    "rating": 3,
    "description": null
  },
  {
    "id": "18512",
    "name": "Jamón Acaramelado San Jorge Granel",
    "brand": "San Jorge",
    "category": "quesos-y-fiambres",
    "price": 996,
    "price_original": 1220,
    "currency": "CLP",
    "size": null,
    "unit_price": 9960,
    "image_url": "https://jumbocl.vteximg.com.br/arquivos/ids/352849-250-250/Jamon-Acaramelado-San-Jorge-granel.jpg?v=638776694704970000",
    "productUrl": "https://www.jumbo.cl/jamon-acaramelado-san-jorge-granel/p",
    "in_stock": true,
    "promo_text": null,
    "sku": "18512",
    "rating": 4.8,
    "description": null
  },
  {
    "id": "18670",
    "name": "Jamón Pierna Artesanal Receta del Abuelo Corte Pluma 125 g",
    "brand": "Receta del Abuelo",
    "category": "quesos-y-fiambres",
    "price": 2290,
    "price_original": null,
    "currency": "CLP",
    "size": null,
    "unit_price": 14800,
    "image_url": "https://jumbocl.vteximg.com.br/arquivos/ids/352944-250-250/Jamon-pierna-artesanal-corte-pluma-125-g.jpg?v=638776695193130000",
    "productUrl": "https://www.jumbo.cl/jamon-pierna-artesanal-receta-del-abuelo-125-g/p",
    "in_stock": true,
    "promo_text": "Lleva 2 por $3.700",
    "sku": "18670",
    "rating": 4,
    "description": null
  },
  {
    "id": "57709",
    "name": "Jamón Campestre La Crianza Ahumado Granel",
    "brand": "La Crianza",
    "category": "quesos-y-fiambres",
    "price": 916,
    "price_original": 1220,
    "currency": "CLP",
    "size": null,
    "unit_price": 9160,
    "image_url": "https://jumbocl.vteximg.com.br/arquivos/ids/360265-250-250/Jamon-campestre-ahumado-granel.jpg?v=638776731965700000",
    "productUrl": "https://www.jumbo.cl/jamon-campestre-ahumado-la-crianza-grane/p",
    "in_stock": true,
    "promo_text": "Paga $796",
    "sku": "57709",
    "rating": null,
    "description": null
  },
  {
    "id": "10862",
    "name": "Pechuga de Pavo La Preferida Acaramelado Granel",
    "brand": "La Preferida",
    "category": "quesos-y-fiambres",
    "price": 1316,
    "price_original": 1556,
    "currency": "CLP",
    "size": null,
    "unit_price": 13160,
    "image_url": "https://jumbocl.vteximg.com.br/arquivos/ids/350715-250-250/298071-KG.jpg?v=638776682381700000",
    "productUrl": "https://www.jumbo.cl/pechuga-de-pavo-acaramelado-la-pref-2/p",
    "in_stock": true,
    "promo_text": null,
    "sku": "10862",
    "rating": 4,
    "description": null
  },
  {
    "id": "11143",
    "name": "Salame Italiano PF Granel",
    "brand": "PF",
    "category": "quesos-y-fiambres",
    "price": 1560,
    "price_original": null,
    "currency": "CLP",
    "size": null,
    "unit_price": 15600,
    "image_url": "https://jumbocl.vteximg.com.br/arquivos/ids/350833-250-250/Salame-italiano-PF-granel.jpg?v=638776682915270000",
    "productUrl": "https://www.jumbo.cl/salame-italiano-pf-gr/p",
    "in_stock": true,
    "promo_text": null,
    "sku": "11143",
    "rating": 4.9,
    "description": null
  },
  {
    "id": "112656",
    "name": "Queso Crema Cuisine & Co 67 Calorías 227 g",
    "brand": "Cuisine & Co",
    "category": "quesos-y-fiambres",
    "price": 2390,
    "price_original": 3190,
    "currency": "CLP",
    "size": null,
    "unit_price": 10529,
    "image_url": "https://jumbocl.vteximg.com.br/arquivos/ids/379652-250-250/CCHEESE67KCAL-C-C.jpg?v=638776819981370000",
    "productUrl": "https://www.jumbo.cl/cream-cheese-67-kcal-cuisine-and-co-227g-1898632/p",
    "in_stock": true,
    "promo_text": null,
    "sku": "112656",
    "rating": 4.8,
    "description": null
  },
  {
    "id": "108750",
    "name": "Jamón Serrano Reserva Cuisine & Co 100 g",
    "brand": "Cuisine & Co",
    "category": "quesos-y-fiambres",
    "price": 3490,
    "price_original": null,
    "currency": "CLP",
    "size": null,
    "unit_price": 34900,
    "image_url": "https://jumbocl.vteximg.com.br/arquivos/ids/543184-250-250/1899350-01_615176.jpg?v=638991804096200000",
    "productUrl": "https://www.jumbo.cl/jamon-serrano-reserva-100-g/p",
    "in_stock": true,
    "promo_text": null,
    "sku": "108750",
    "rating": 4.6,
    "description": null
  },
  {
    "id": "10896",
    "name": "Jamón Pierna Receta del Abuelo Granel",
    "brand": "Receta del Abuelo",
    "category": "quesos-y-fiambres",
    "price": 1076,
    "price_original": 1340,
    "currency": "CLP",
    "size": null,
    "unit_price": 10760,
    "image_url": "https://jumbocl.vteximg.com.br/arquivos/ids/350742-250-250/Principal-11309.jpg?v=638776682519970000",
    "productUrl": "https://www.jumbo.cl/jamon-pierna-receta-del-abuelo-gran/p",
    "in_stock": true,
    "promo_text": null,
    "sku": "10896",
    "rating": 4.6,
    "description": null
  },
  {
    "id": "132066",
    "name": "Jamón Pierna Cerdo La Crianza Acaramelado Corte Pluma 120 g",
    "brand": "La Crianza",
    "category": "quesos-y-fiambres",
    "price": 2090,
    "price_original": null,
    "currency": "CLP",
    "size": null,
    "unit_price": 14583,
    "image_url": "https://jumbocl.vteximg.com.br/arquivos/ids/321396-250-250/Jamon-Pierna-Cerdo-Acaramelado-Corte-Pluma-120-g.jpg?v=638776423165970000",
    "productUrl": "https://www.jumbo.cl/jamon-acaramelado-cp-la-crianza-120g-1980048/p",
    "in_stock": true,
    "promo_text": "Lleva 2 por $3.500",
    "sku": "132066",
    "rating": 5,
    "description": null
  },
  {
    "id": "102411",
    "name": "Queso Crema Philadelphia Envasado 180 g",
    "brand": "Philadelphia",
    "category": "quesos-y-fiambres",
    "price": 3790,
    "price_original": null,
    "currency": "CLP",
    "size": null,
    "unit_price": 21056,
    "image_url": "https://jumbocl.vteximg.com.br/arquivos/ids/313736-250-250/Queso-Crema-Philadelphia-Envasado-180-g.jpg?v=638776400354670000",
    "productUrl": "https://www.jumbo.cl/queso-crema-philadelphia-180gr-1875096/p",
    "in_stock": true,
    "promo_text": null,
    "sku": "102411",
    "rating": 4.8,
    "description": null
  },
  {
    "id": "10872",
    "name": "Jamón Colonial PF Granel",
    "brand": "PF",
    "category": "quesos-y-fiambres",
    "price": 1196,
    "price_original": null,
    "currency": "CLP",
    "size": null,
    "unit_price": 11960,
    "image_url": "https://jumbocl.vteximg.com.br/arquivos/ids/350721-250-250/1559168-KG-01_10128.jpg?v=638776682401970000",
    "productUrl": "https://www.jumbo.cl/jamon-colonial-pf-granel-2/p",
    "in_stock": true,
    "promo_text": null,
    "sku": "10872",
    "rating": 4.4,
    "description": null
  },
  {
    "id": "11099",
    "name": "Queso Parmesano Colun Envasado Rallado 40 g",
    "brand": "Colun",
    "category": "quesos-y-fiambres",
    "price": 850,
    "price_original": 1090,
    "currency": "CLP",
    "size": null,
    "unit_price": 21250,
    "image_url": "https://jumbocl.vteximg.com.br/arquivos/ids/350812-250-250/Queso-parmesano-rallado-40-g.jpg?v=638776682812800000",
    "productUrl": "https://www.jumbo.cl/queso-parmesano-colun-rallado-40-g-2/p",
    "in_stock": true,
    "promo_text": null,
    "sku": "11099",
    "rating": 4.5,
    "description": null
  },
  {
    "id": "119355",
    "name": "Jamón Pierna de Cerdo La Crianza kg",
    "brand": "La Crianza",
    "category": "quesos-y-fiambres",
    "price": 916,
    "price_original": 1220,
    "currency": "CLP",
    "size": null,
    "unit_price": 9160,
    "image_url": "https://jumbocl.vteximg.com.br/arquivos/ids/384433-250-250/Jamon-pierna-de-cerdo-kg.jpg?v=638776840064800000",
    "productUrl": "https://www.jumbo.cl/jamon-pierna-cerd-la-crianza-granel-1939658-kg/p",
    "in_stock": true,
    "promo_text": "Paga $796",
    "sku": "119355",
    "rating": 5,
    "description": null
  },
  {
    "id": "153517",
    "name": "Queso Soprole Quilque Laminado 400 g",
    "brand": "Soprole",
    "category": "quesos-y-fiambres",
    "price": 4790,
    "price_original": 5290,
    "currency": "CLP",
    "size": null,
    "unit_price": 11975,
    "image_url": "https://jumbocl.vteximg.com.br/arquivos/ids/479790-250-250/Queso-Soprole-Quilque-Laminado-400-g.jpg?v=638881345836000000",
    "productUrl": "https://www.jumbo.cl/queso-lam-400g-2044085/p",
    "in_stock": true,
    "promo_text": "Paga $4.690",
    "sku": "153517",
    "rating": null,
    "description": null
  },
  {
    "id": "135234",
    "name": "Queso Crema Cuisine & Co Pote 200 g",
    "brand": "Cuisine & Co",
    "category": "quesos-y-fiambres",
    "price": 1690,
    "price_original": 2690,
    "currency": "CLP",
    "size": null,
    "unit_price": 8450,
    "image_url": "https://jumbocl.vteximg.com.br/arquivos/ids/415262-250-250/Queso-Crema-Cuisine---Co-Envasado-200-g.jpg?v=638802534617130000",
    "productUrl": "https://www.jumbo.cl/queso-crem-pote-200g-cuisine-and-co-nbe-mp-1992228/p",
    "in_stock": true,
    "promo_text": "Paga $1.590",
    "sku": "135234",
    "rating": null,
    "description": null
  },
  {
    "id": "10832",
    "name": "Jamón Pierna Acaramelado Granel 100 g",
    "brand": "Jumbo Artesanal",
    "category": "quesos-y-fiambres",
    "price": 1196,
    "price_original": 1596,
    "currency": "CLP",
    "size": null,
    "unit_price": 11960,
    "image_url": "https://jumbocl.vteximg.com.br/arquivos/ids/301900-250-250/Jamon-Pierna-Acaramelado-Granel-100-g.jpg?v=638776375528870000",
    "productUrl": "https://www.jumbo.cl/jamon-pierna-acaramelado-jumbo-meso/p",
    "in_stock": true,
    "promo_text": null,
    "sku": "10832",
    "rating": 4.8,
    "description": null
  },
  {
    "id": "10834",
    "name": "Jamón Planchado Granel 100 g",
    "brand": "Jumbo Artesanal",
    "category": "quesos-y-fiambres",
    "price": 1196,
    "price_original": 1596,
    "currency": "CLP",
    "size": null,
    "unit_price": 11960,
    "image_url": "https://jumbocl.vteximg.com.br/arquivos/ids/301945-250-250/Jamon-Planchado-Granel-100-g.jpg?v=638776375594270000",
    "productUrl": "https://www.jumbo.cl/jamon-planchado-jumbo-meson/p",
    "in_stock": true,
    "promo_text": null,
    "sku": "10834",
    "rating": 4.7,
    "description": null
  },
  {
    "id": "10795",
    "name": "Queso Gauda Colun Laminado 500 g",
    "brand": "Colun",
    "category": "quesos-y-fiambres",
    "price": 5390,
    "price_original": 6690,
    "currency": "CLP",
    "size": null,
    "unit_price": 10780,
    "image_url": "https://jumbocl.vteximg.com.br/arquivos/ids/301931-250-250/Queso-Gauda-Colun-Envasado-Laminado-500-g.jpg?v=638776375578000000",
    "productUrl": "https://www.jumbo.cl/queso-gouda-colun-500-g-2/p",
    "in_stock": true,
    "promo_text": null,
    "sku": "10795",
    "rating": 5,
    "description": null
  },
  {
    "id": "24371",
    "name": "Queso Mantecoso Matthei Trozo Granel",
    "brand": "Matthei",
    "category": "quesos-y-fiambres",
    "price": 1156,
    "price_original": 1500,
    "currency": "CLP",
    "size": null,
    "unit_price": 11560,
    "image_url": "https://jumbocl.vteximg.com.br/arquivos/ids/305207-250-250/Queso-Mantecoso-Matthei-Trozo-Granel.jpg?v=638776381368230000",
    "productUrl": "https://www.jumbo.cl/queso-mantecoso-matthei-granel/p",
    "in_stock": true,
    "promo_text": null,
    "sku": "24371",
    "rating": 4,
    "description": null
  },
  {
    "id": "10836",
    "name": "Jamón Tradición Granel 100 g",
    "brand": "Jumbo Artesanal",
    "category": "quesos-y-fiambres",
    "price": 1196,
    "price_original": 1596,
    "currency": "CLP",
    "size": null,
    "unit_price": 11960,
    "image_url": "https://jumbocl.vteximg.com.br/arquivos/ids/301999-250-250/Jamon-Tradicion-Granel-100-g.jpg?v=638776375662730000",
    "productUrl": "https://www.jumbo.cl/jamon-tradicion-jumbo-meson/p",
    "in_stock": true,
    "promo_text": null,
    "sku": "10836",
    "rating": 4.5,
    "description": null
  },
  {
    "id": "73896",
    "name": "Queso Mantecoso Extra Maduro Las Parcelas de Valdivia Trozo Granel",
    "brand": "Las Parcelas de Valdivia",
    "category": "quesos-y-fiambres",
    "price": 1940,
    "price_original": null,
    "currency": "CLP",
    "size": null,
    "unit_price": 19400,
    "image_url": "https://jumbocl.vteximg.com.br/arquivos/ids/310090-250-250/Queso-Mantecoso-Las-Parcelas-de-Valdivia-Trozo-Granel.jpg?v=638776390866800000",
    "productUrl": "https://www.jumbo.cl/queso-mantecoso-parcelas-de-valdivia-extra-maduro-granel/p",
    "in_stock": true,
    "promo_text": "Paga $1.164",
    "sku": "73896",
    "rating": 3,
    "description": null
  },
  {
    "id": "136743",
    "name": "Queso Chanco Las Parcelas de Valdivia Envasado Laminado 233 g",
    "brand": "Las Parcelas de Valdivia",
    "category": "quesos-y-fiambres",
    "price": 3590,
    "price_original": null,
    "currency": "CLP",
    "size": null,
    "unit_price": 15408,
    "image_url": "https://jumbocl.vteximg.com.br/arquivos/ids/326698-250-250/Queso-Chanco-Las-Parcelas-de-Valdivia-Envasado-Laminado-233-g.jpg?v=638776429418100000",
    "productUrl": "https://www.jumbo.cl/las-parcelas-valdivia-chanco-lam-233gr-1996549/p",
    "in_stock": true,
    "promo_text": "Paga $2.154",
    "sku": "136743",
    "rating": null,
    "description": null
  },
  {
    "id": "10865",
    "name": "Jamón Artesanal Llanquihue Acaramelado Granel",
    "brand": "Llanquihue",
    "category": "quesos-y-fiambres",
    "price": 1380,
    "price_original": null,
    "currency": "CLP",
    "size": null,
    "unit_price": 13800,
    "image_url": "https://jumbocl.vteximg.com.br/arquivos/ids/350723-250-250/Jamon-artesanal-acaramelado-granel.jpg?v=638776682409700000",
    "productUrl": "https://www.jumbo.cl/jamon-artesanal-acaramelado-llanqui-2/p",
    "in_stock": true,
    "promo_text": null,
    "sku": "10865",
    "rating": 4.6,
    "description": null
  },
  {
    "id": "11128",
    "name": "Tocino Cortado La Preferida 180 g",
    "brand": "La Preferida",
    "category": "quesos-y-fiambres",
    "price": 3690,
    "price_original": 4590,
    "currency": "CLP",
    "size": null,
    "unit_price": 20500,
    "image_url": "https://jumbocl.vteximg.com.br/arquivos/ids/301890-250-250/Tocino-cortado-180-g.jpg?v=638776375514900000",
    "productUrl": "https://www.jumbo.cl/tocino-cortado-la-preferida-180-g/p",
    "in_stock": true,
    "promo_text": null,
    "sku": "11128",
    "rating": 5,
    "description": null
  },
  {
    "id": "132071",
    "name": "Jamón Pierna Cerdo La Crianza Corte Pluma 120 g",
    "brand": "La Crianza",
    "category": "quesos-y-fiambres",
    "price": 2090,
    "price_original": null,
    "currency": "CLP",
    "size": null,
    "unit_price": 14583,
    "image_url": "https://jumbocl.vteximg.com.br/arquivos/ids/399224-250-250/Jamon-Pierna-Cerdo-Corte-Pluma-120-g.jpg?v=638776896955970000",
    "productUrl": "https://www.jumbo.cl/jamon-pierna-cp-la-crianza-120g-1981041/p",
    "in_stock": true,
    "promo_text": "Lleva 2 por $3.500",
    "sku": "132071",
    "rating": 5,
    "description": null
  },
  {
    "id": "80218",
    "name": "Salame La Preferida 100 g",
    "brand": "La Preferida",
    "category": "quesos-y-fiambres",
    "price": 2390,
    "price_original": null,
    "currency": "CLP",
    "size": null,
    "unit_price": 18000,
    "image_url": "https://jumbocl.vteximg.com.br/arquivos/ids/310857-250-250/Salame-100-g.jpg?v=638776392402400000",
    "productUrl": "https://www.jumbo.cl/salame-la-preferida-100-g/p",
    "in_stock": true,
    "promo_text": "Lleva 2 por $3.600",
    "sku": "80218",
    "rating": null,
    "description": null
  },
  {
    "id": "10924",
    "name": "Pechuga de Pollo Asada Super Pollo Granel",
    "brand": "Super Pollo",
    "category": "quesos-y-fiambres",
    "price": 916,
    "price_original": 1076,
    "currency": "CLP",
    "size": null,
    "unit_price": 9160,
    "image_url": "https://jumbocl.vteximg.com.br/arquivos/ids/350762-250-250/Pechuga-de-Pollo-Asada-Super-Pollo-Granel-2-3237.jpg?v=638776682584800000",
    "productUrl": "https://www.jumbo.cl/pechuga-de-pollo-asada-super-pollo-granel-2/p",
    "in_stock": true,
    "promo_text": null,
    "sku": "10924",
    "rating": 4.2,
    "description": null
  },
  {
    "id": "10749",
    "name": "Quesillo Pote 320 g",
    "brand": "Colun",
    "category": "quesos-y-fiambres",
    "price": 2290,
    "price_original": 2650,
    "currency": "CLP",
    "size": null,
    "unit_price": 7156,
    "image_url": "https://jumbocl.vteximg.com.br/arquivos/ids/301833-250-250/Quesillo-Pote-320-g.jpg?v=638776375437000000",
    "productUrl": "https://www.jumbo.cl/quesillo-colun-pack-2-unidades-potes-de-160-g-c-u/p",
    "in_stock": true,
    "promo_text": null,
    "sku": "10749",
    "rating": 4.7,
    "description": null
  },
  {
    "id": "88127",
    "name": "Queso Brie Los Alpes 125 g",
    "brand": "Los Alpes",
    "category": "quesos-y-fiambres",
    "price": 2890,
    "price_original": 3830,
    "currency": "CLP",
    "size": null,
    "unit_price": 23120,
    "image_url": "https://jumbocl.vteximg.com.br/arquivos/ids/311770-250-250/Queso-Brie-Los-Alpes-125-g.jpg?v=638776394605630000",
    "productUrl": "https://www.jumbo.cl/queso-brie-125-g/p",
    "in_stock": true,
    "promo_text": "Paga $2.490",
    "sku": "88127",
    "rating": 4.9,
    "description": null
  },
  {
    "id": "11022",
    "name": "Vienesa Tradicional Al Vacío 250 g",
    "brand": "Jumbo Artesanal",
    "category": "quesos-y-fiambres",
    "price": 2490,
    "price_original": null,
    "currency": "CLP",
    "size": null,
    "unit_price": 9960,
    "image_url": "https://jumbocl.vteximg.com.br/arquivos/ids/302055-250-250/Vienesa-Tradicional-Al-Vacio-250-g.jpg?v=638776375754900000",
    "productUrl": "https://www.jumbo.cl/salchichas-naturales-jumbo-al-vacio/p",
    "in_stock": true,
    "promo_text": "Paga $1.494",
    "sku": "11022",
    "rating": 5,
    "description": null
  },
  {
    "id": "138254",
    "name": "Tocino Al Vacío 180 g",
    "brand": "Jumbo Artesanal",
    "category": "quesos-y-fiambres",
    "price": 4678,
    "price_original": null,
    "currency": "CLP",
    "size": null,
    "unit_price": 25990,
    "image_url": "https://jumbocl.vteximg.com.br/arquivos/ids/501761-250-250/Tocino-Al-Vacio-150-g.jpg?v=638923698682830000",
    "productUrl": "https://www.jumbo.cl/tocino-jumbo-artesanal-granel-1997135-kg/p",
    "in_stock": true,
    "promo_text": null,
    "sku": "138254",
    "rating": 5,
    "description": null
  },
  {
    "id": "11193",
    "name": "Salchicha Llanquihue Tradicional 5 un.",
    "brand": "Llanquihue",
    "category": "quesos-y-fiambres",
    "price": 3650,
    "price_original": null,
    "currency": "CLP",
    "size": null,
    "unit_price": 14600,
    "image_url": "https://jumbocl.vteximg.com.br/arquivos/ids/350865-250-250/Salchichas-5-un-250-g.jpg?v=638776683045130000",
    "productUrl": "https://www.jumbo.cl/salchichas-llanquihue-250-g-5-unida-2/p",
    "in_stock": true,
    "promo_text": null,
    "sku": "11193",
    "rating": 5,
    "description": null
  },
  {
    "id": "24444",
    "name": "Queso Crema Philadelphia Envasado 150 g",
    "brand": "Philadelphia",
    "category": "quesos-y-fiambres",
    "price": 2390,
    "price_original": 3050,
    "currency": "CLP",
    "size": null,
    "unit_price": 15933,
    "image_url": "https://jumbocl.vteximg.com.br/arquivos/ids/355003-250-250/Queso-crema-untable-150g.jpg?v=638776704834470000",
    "productUrl": "https://www.jumbo.cl/queso-crema-philadelphia-150-g/p",
    "in_stock": true,
    "promo_text": null,
    "sku": "24444",
    "rating": 4.8,
    "description": null
  },
  {
    "id": "11133",
    "name": "Salame Llanquihue Lámina Tamaño Grande Granel",
    "brand": "Llanquihue",
    "category": "quesos-y-fiambres",
    "price": 2100,
    "price_original": null,
    "currency": "CLP",
    "size": null,
    "unit_price": 21000,
    "image_url": "https://jumbocl.vteximg.com.br/arquivos/ids/350822-250-250/Salame-laminado-granel.jpg?v=638776682882100000",
    "productUrl": "https://www.jumbo.cl/salame-llanquihue-granel/p",
    "in_stock": true,
    "promo_text": null,
    "sku": "11133",
    "rating": 5,
    "description": null
  },
  {
    "id": "104073",
    "name": "Aceitunas Verdes Fragata Rellenas de Pimiento 150 g drenado",
    "brand": "Fragata",
    "category": "quesos-y-fiambres",
    "price": 1603,
    "price_original": 2290,
    "currency": "CLP",
    "size": null,
    "unit_price": 10687,
    "image_url": "https://jumbocl.vteximg.com.br/arquivos/ids/314287-250-250/Aceitunas-verdes-rellenas-de-pimiento-150-g-dr.jpg?v=638776401586130000",
    "productUrl": "https://www.jumbo.cl/aceitunas-rellenas-de-pasta-pimiento-nat-1871506/p",
    "in_stock": true,
    "promo_text": "30% dcto.",
    "sku": "104073",
    "rating": 4,
    "description": null
  },
  {
    "id": "10783",
    "name": "Quesillo Sin Lactosa Soprole 300 g",
    "brand": "Soprole",
    "category": "quesos-y-fiambres",
    "price": 1790,
    "price_original": 2490,
    "currency": "CLP",
    "size": null,
    "unit_price": 5967,
    "image_url": "https://jumbocl.vteximg.com.br/arquivos/ids/301849-250-250/Quesillo-Fresco-Light-Soprole-Envasado-Trozo-300-g.jpg?v=638776375450700000",
    "productUrl": "https://www.jumbo.cl/quesillo-soprole-sin-lactosa-zerolacto-300-g-2/p",
    "in_stock": true,
    "promo_text": null,
    "sku": "10783",
    "rating": 4.8,
    "description": null
  },
  {
    "id": "132541",
    "name": "Jamón Pierna G2 Llanquihue 150 g",
    "brand": "Llanquihue",
    "category": "quesos-y-fiambres",
    "price": 2390,
    "price_original": 2990,
    "currency": "CLP",
    "size": null,
    "unit_price": 15933,
    "image_url": "https://jumbocl.vteximg.com.br/arquivos/ids/400065-250-250/Jamon-Pierna-G2-Llanquihue-150-g.jpg?v=638776899906600000",
    "productUrl": "https://www.jumbo.cl/jamon-pierna-g2-llanquihue-150-gr-1982565/p",
    "in_stock": true,
    "promo_text": null,
    "sku": "132541",
    "rating": null,
    "description": null
  },
  {
    "id": "24456",
    "name": "Queso Mantecoso Las Parcelas de Valdivia Envasado Trozo 450 g",
    "brand": "Las Parcelas de Valdivia",
    "category": "quesos-y-fiambres",
    "price": 8190,
    "price_original": null,
    "currency": "CLP",
    "size": null,
    "unit_price": 16380,
    "image_url": "https://jumbocl.vteximg.com.br/arquivos/ids/305046-250-250/Queso-Mantecoso-Las-Parcelas-de-Valdivia-Envasado-Trozo-450-g.jpg?v=638776381135030000",
    "productUrl": "https://www.jumbo.cl/queso-mantecoso-trozo-las-parcelas-valdivia-500-g/p",
    "in_stock": true,
    "promo_text": "Paga $4.914",
    "sku": "24456",
    "rating": 4.8,
    "description": null
  },
  {
    "id": "136747",
    "name": "Queso Cheddar Fundido Cuisine & Co 144 g",
    "brand": "Cuisine & Co",
    "category": "quesos-y-fiambres",
    "price": 1290,
    "price_original": 1990,
    "currency": "CLP",
    "size": null,
    "unit_price": 8958,
    "image_url": "https://jumbocl.vteximg.com.br/arquivos/ids/326857-250-250/Queso-Cheddar-Fundido-Cuisine---Co-144-g.jpg?v=638776429539300000",
    "productUrl": "https://www.jumbo.cl/queso-ched-fund-144g-cuisine-and-co-nbe-mp-1992812/p",
    "in_stock": true,
    "promo_text": null,
    "sku": "136747",
    "rating": 5,
    "description": null
  },
  {
    "id": "35003",
    "name": "Queso Mantecoso Matthei Envasado Laminado 500 g",
    "brand": "Matthei",
    "category": "quesos-y-fiambres",
    "price": 8390,
    "price_original": null,
    "currency": "CLP",
    "size": null,
    "unit_price": 16780,
    "image_url": "https://jumbocl.vteximg.com.br/arquivos/ids/307088-250-250/Queso-Mantecoso-Matthei-Envasado-Laminado-500-g.jpg?v=638776383820100000",
    "productUrl": "https://www.jumbo.cl/queso-mantecoso-matthei-laminado-500-g/p",
    "in_stock": true,
    "promo_text": null,
    "sku": "35003",
    "rating": 4.7,
    "description": null
  },
  {
    "id": "10595",
    "name": "Mortadela Jamonada Receta del Abuelo Granel",
    "brand": "Receta del Abuelo",
    "category": "quesos-y-fiambres",
    "price": 756,
    "price_original": 980,
    "currency": "CLP",
    "size": null,
    "unit_price": 7560,
    "image_url": "https://jumbocl.vteximg.com.br/arquivos/ids/350593-250-250/1561213.jpg?v=638776681862970000",
    "productUrl": "https://www.jumbo.cl/mortadela-jamonada-receta-del-abuelo-granel/p",
    "in_stock": true,
    "promo_text": null,
    "sku": "10595",
    "rating": 4.9,
    "description": null
  },
  {
    "id": "138251",
    "name": "Tocino Parrilla Al Vacío 180 g",
    "brand": "Jumbo Artesanal",
    "category": "quesos-y-fiambres",
    "price": 3958,
    "price_original": null,
    "currency": "CLP",
    "size": null,
    "unit_price": 21990,
    "image_url": "https://jumbocl.vteximg.com.br/arquivos/ids/501763-250-250/Tocino-Parrilla-Al-Vacio-150-g.jpg?v=638923699219430000",
    "productUrl": "https://www.jumbo.cl/tocino-parrilla-jumbo-artesanal-granel-1997134-kg/p",
    "in_stock": true,
    "promo_text": null,
    "sku": "138251",
    "rating": 4.4,
    "description": null
  },
  {
    "id": "10998",
    "name": "Queso Mantecoso Las Parcelas de Valdivia Envasado Laminado 350 g",
    "brand": "Las Parcelas de Valdivia",
    "category": "quesos-y-fiambres",
    "price": 6550,
    "price_original": null,
    "currency": "CLP",
    "size": null,
    "unit_price": 18714,
    "image_url": "https://jumbocl.vteximg.com.br/arquivos/ids/301835-250-250/Queso-Mantecoso-Las-Parcelas-de-Valdivia-Envasado-Laminado-350-g.jpg?v=638776375437770000",
    "productUrl": "https://www.jumbo.cl/queso-mantecoso-valdivia-350-g-2/p",
    "in_stock": true,
    "promo_text": "Paga $3.930",
    "sku": "10998",
    "rating": 5,
    "description": null
  },
  {
    "id": "10870",
    "name": "Jamón Pierna Moldeado Llanquihue Granel",
    "brand": "Llanquihue",
    "category": "quesos-y-fiambres",
    "price": 1076,
    "price_original": null,
    "currency": "CLP",
    "size": null,
    "unit_price": 10760,
    "image_url": "https://jumbocl.vteximg.com.br/arquivos/ids/350720-250-250/Jamon-pierna-moldeado-granel.jpg?v=638776682401500000",
    "productUrl": "https://www.jumbo.cl/jamon-pierna-moldeado-llanquihue-granel-2/p",
    "in_stock": true,
    "promo_text": null,
    "sku": "10870",
    "rating": 5,
    "description": null
  },
  {
    "id": "18532",
    "name": "Salame Llanquihue Lámina Tamaño Normal Granel",
    "brand": "Llanquihue",
    "category": "quesos-y-fiambres",
    "price": 2320,
    "price_original": null,
    "currency": "CLP",
    "size": null,
    "unit_price": 23200,
    "image_url": "https://jumbocl.vteximg.com.br/arquivos/ids/352871-250-250/Salame-laminado-granel.jpg?v=638776694871770000",
    "productUrl": "https://www.jumbo.cl/salame-metro-llanquihue-granel/p",
    "in_stock": true,
    "promo_text": null,
    "sku": "18532",
    "rating": 5,
    "description": null
  },
  {
    "id": "10979",
    "name": "Queso Mantecoso Quillayes Envasado Laminado 500 g",
    "brand": "Quillayes",
    "category": "quesos-y-fiambres",
    "price": 6090,
    "price_original": 7750,
    "currency": "CLP",
    "size": null,
    "unit_price": 12180,
    "image_url": "https://jumbocl.vteximg.com.br/arquivos/ids/350776-250-250/1554053.jpg?v=638776682638700000",
    "productUrl": "https://www.jumbo.cl/queso-mantecoso-quillayes-500-g-2/p",
    "in_stock": true,
    "promo_text": null,
    "sku": "10979",
    "rating": 3,
    "description": null
  },
  {
    "id": "1510",
    "name": "Aceitunas Verdes Fragata Rellenas de Pimiento 85 g drenado",
    "brand": "Fragata",
    "category": "quesos-y-fiambres",
    "price": 1043,
    "price_original": 1490,
    "currency": "CLP",
    "size": null,
    "unit_price": 5215,
    "image_url": "https://jumbocl.vteximg.com.br/arquivos/ids/298649-250-250/Aceitunas-verdes-rellenas-de-pimiento-85-g-drenado.jpg?v=638775754920600000",
    "productUrl": "https://www.jumbo.cl/aceitunas-verdes-fragata-lata-200-g-rellenas-de-pimiento/p",
    "in_stock": true,
    "promo_text": "30% dcto.",
    "sku": "1510",
    "rating": 5,
    "description": null
  },
  {
    "id": "111113",
    "name": "Jamón Acaramelado Receta del Abuelo Corte Pluma 125 g",
    "brand": "Receta del Abuelo",
    "category": "quesos-y-fiambres",
    "price": 2290,
    "price_original": null,
    "currency": "CLP",
    "size": null,
    "unit_price": 14800,
    "image_url": "https://jumbocl.vteximg.com.br/arquivos/ids/378168-250-250/Jamon-acaramelado-corte-pluma-125-g.jpg?v=638776814058470000",
    "productUrl": "https://www.jumbo.cl/jamon-acaramelado-corte-pluma-rda-125g-1905123/p",
    "in_stock": true,
    "promo_text": "Lleva 2 por $3.700",
    "sku": "111113",
    "rating": null,
    "description": null
  },
  {
    "id": "18506",
    "name": "Jamón Sándwich San Jorge Granel",
    "brand": "San Jorge",
    "category": "quesos-y-fiambres",
    "price": 596,
    "price_original": 716,
    "currency": "CLP",
    "size": null,
    "unit_price": 5960,
    "image_url": "https://jumbocl.vteximg.com.br/arquivos/ids/352843-250-250/Jamon-Sandwich-San-Jorge-granel.jpg?v=638776694674800000",
    "productUrl": "https://www.jumbo.cl/jamon-sandwich-san-jorge-granel/p",
    "in_stock": true,
    "promo_text": null,
    "sku": "18506",
    "rating": 2,
    "description": null
  },
  {
    "id": "113898",
    "name": "Pechuga de Pollo Asada Receta del Abuelo Granel",
    "brand": "Receta del Abuelo",
    "category": "quesos-y-fiambres",
    "price": 1556,
    "price_original": null,
    "currency": "CLP",
    "size": null,
    "unit_price": 15560,
    "image_url": "https://jumbocl.vteximg.com.br/arquivos/ids/380800-250-250/PECH-POLLO-ASA-RDA.jpg?v=638776824681070000",
    "productUrl": "https://www.jumbo.cl/pechuga-de-pollo-asada-rda-granel-1929036-kg/p",
    "in_stock": true,
    "promo_text": null,
    "sku": "113898",
    "rating": 5,
    "description": null
  },
  {
    "id": "10960",
    "name": "Queso Mantecoso Las Parcelas de Valdivia Envasado Trozo 350 g",
    "brand": "Las Parcelas de Valdivia",
    "category": "quesos-y-fiambres",
    "price": 4790,
    "price_original": 6090,
    "currency": "CLP",
    "size": null,
    "unit_price": 13686,
    "image_url": "https://jumbocl.vteximg.com.br/arquivos/ids/301786-250-250/Queso-Mantecoso-Las-Parcelas-de-Valdivia-Envasado-Trozo-350-g.jpg?v=638776375369100000",
    "productUrl": "https://www.jumbo.cl/queso-mantecoso-las-parcelas-valdivia-350-g-2/p",
    "in_stock": true,
    "promo_text": "Paga $3.654",
    "sku": "10960",
    "rating": 5,
    "description": null
  },
  {
    "id": "11189",
    "name": "Vienesas La Preferida Sin Piel 380 g 7 un.",
    "brand": "La Preferida",
    "category": "quesos-y-fiambres",
    "price": 2990,
    "price_original": 3990,
    "currency": "CLP",
    "size": null,
    "unit_price": 7868,
    "image_url": "https://jumbocl.vteximg.com.br/arquivos/ids/302144-250-250/Vienesas-La-Preferida-sin-piel-7-Unid-380-g.jpg?v=638776375837770000",
    "productUrl": "https://www.jumbo.cl/vienesas-la-preferida-sin-piel-380-g/p",
    "in_stock": true,
    "promo_text": null,
    "sku": "11189",
    "rating": 5,
    "description": null
  },
  {
    "id": "101866",
    "name": "Jamón Pierna La Preferida Corte Pluma 250 g",
    "brand": "La Preferida",
    "category": "quesos-y-fiambres",
    "price": 3990,
    "price_original": null,
    "currency": "CLP",
    "size": null,
    "unit_price": 15960,
    "image_url": "https://jumbocl.vteximg.com.br/arquivos/ids/313793-250-250/Jamon-pierna-corte-pluma-250-g.jpg?v=638776400502100000",
    "productUrl": "https://www.jumbo.cl/jamon-pierna-corte-pluma-la-pref-250g-1872165/p",
    "in_stock": true,
    "promo_text": null,
    "sku": "101866",
    "rating": 5,
    "description": null
  },
  {
    "id": "10590",
    "name": "Salchichón Cerveza La Preferida Granel",
    "brand": "La Preferida",
    "category": "quesos-y-fiambres",
    "price": 796,
    "price_original": 1100,
    "currency": "CLP",
    "size": null,
    "unit_price": 7960,
    "image_url": "https://jumbocl.vteximg.com.br/arquivos/ids/350585-250-250/298143-KG.jpg?v=638776681797300000",
    "productUrl": "https://www.jumbo.cl/salchichon-cerveza-la-preferida-granel-2/p",
    "in_stock": true,
    "promo_text": null,
    "sku": "10590",
    "rating": 5,
    "description": null
  },
  {
    "id": "11194",
    "name": "Salchicha Llanquihue Tradicional 10 un.",
    "brand": "Llanquihue",
    "category": "quesos-y-fiambres",
    "price": 6850,
    "price_original": null,
    "currency": "CLP",
    "size": null,
    "unit_price": 13700,
    "image_url": "https://jumbocl.vteximg.com.br/arquivos/ids/350863-250-250/Salchicha-tradicional-500-g.jpg?v=638776683043100000",
    "productUrl": "https://www.jumbo.cl/salchicha-tradicional-llanquihue-500-g/p",
    "in_stock": true,
    "promo_text": null,
    "sku": "11194",
    "rating": 4.8,
    "description": null
  },
  {
    "id": "111119",
    "name": "Jamón Pierna Corte Pluma Receta del Abuelo 125 g",
    "brand": "Receta del Abuelo",
    "category": "quesos-y-fiambres",
    "price": 2290,
    "price_original": null,
    "currency": "CLP",
    "size": null,
    "unit_price": 14800,
    "image_url": "https://jumbocl.vteximg.com.br/arquivos/ids/378174-250-250/Jamon-pierna-corte-pluma-125-g.jpg?v=638776814076100000",
    "productUrl": "https://www.jumbo.cl/jamon-pierna-corte-pluma-rda-125g-1905124/p",
    "in_stock": true,
    "promo_text": "Lleva 2 por $3.700",
    "sku": "111119",
    "rating": null,
    "description": null
  },
  {
    "id": "31104",
    "name": "Queso Mantecoso Matthei Envasado Laminado 250 g",
    "brand": "Matthei",
    "category": "quesos-y-fiambres",
    "price": 4250,
    "price_original": null,
    "currency": "CLP",
    "size": null,
    "unit_price": 17000,
    "image_url": "https://jumbocl.vteximg.com.br/arquivos/ids/306886-250-250/Queso-Mantecoso-Matthei-Envasado-Laminado-250-g.jpg?v=638776383366100000",
    "productUrl": "https://www.jumbo.cl/queso-mantecoso-matthei-laminado-250-g/p",
    "in_stock": true,
    "promo_text": null,
    "sku": "31104",
    "rating": 5,
    "description": null
  },
  {
    "id": "98279",
    "name": "Jamón Pierna La Preferida 125 g",
    "brand": "La Preferida",
    "category": "quesos-y-fiambres",
    "price": 2440,
    "price_original": null,
    "currency": "CLP",
    "size": null,
    "unit_price": 19520,
    "image_url": "https://jumbocl.vteximg.com.br/arquivos/ids/313111-250-250/Jamon-pierna-125-g.jpg?v=638776398501870000",
    "productUrl": "https://www.jumbo.cl/jamon-pierna-125-g-1859903/p",
    "in_stock": true,
    "promo_text": null,
    "sku": "98279",
    "rating": 4,
    "description": null
  },
  {
    "id": "98243",
    "name": "Pechuga de Pavo La Preferida Acaramelado 125 g",
    "brand": "La Preferida",
    "category": "quesos-y-fiambres",
    "price": 2990,
    "price_original": null,
    "currency": "CLP",
    "size": null,
    "unit_price": 20000,
    "image_url": "https://jumbocl.vteximg.com.br/arquivos/ids/313143-250-250/Pechuga-de-pavo-acaramelado-125-g.jpg?v=638776398634700000",
    "productUrl": "https://www.jumbo.cl/pechuga-de-pavo-acaramelada-lp-125-gr-1859902/p",
    "in_stock": true,
    "promo_text": "Lleva 2 por $5.000",
    "sku": "98243",
    "rating": 5,
    "description": null
  },
  {
    "id": "79521",
    "name": "Jamón Pierna Receta del Abuelo 200 g",
    "brand": "Receta del Abuelo",
    "category": "quesos-y-fiambres",
    "price": 2390,
    "price_original": 2990,
    "currency": "CLP",
    "size": null,
    "unit_price": 11950,
    "image_url": "https://jumbocl.vteximg.com.br/arquivos/ids/364135-250-250/Jamon-pierna-200-g.jpg?v=638776752387800000",
    "productUrl": "https://www.jumbo.cl/jamon-pierna-200-g/p",
    "in_stock": true,
    "promo_text": null,
    "sku": "79521",
    "rating": 4.7,
    "description": null
  },
  {
    "id": "132534",
    "name": "Salame Llanquihue Laminado 150 g",
    "brand": "Llanquihue",
    "category": "quesos-y-fiambres",
    "price": 3390,
    "price_original": 4190,
    "currency": "CLP",
    "size": null,
    "unit_price": 22600,
    "image_url": "https://jumbocl.vteximg.com.br/arquivos/ids/400061-250-250/Salame-Laminado-Llanquihue-150-g.jpg?v=638776899888430000",
    "productUrl": "https://www.jumbo.cl/salame-laminado-llanquihue-150-gr-1982569/p",
    "in_stock": true,
    "promo_text": "Paga $2.990",
    "sku": "132534",
    "rating": 5,
    "description": null
  },
  {
    "id": "11084",
    "name": "Paté de Ternera La Preferida 160 g",
    "brand": "La Preferida",
    "category": "quesos-y-fiambres",
    "price": 1550,
    "price_original": null,
    "currency": "CLP",
    "size": null,
    "unit_price": 8125,
    "image_url": "https://jumbocl.vteximg.com.br/arquivos/ids/302089-250-250/Pate-de-ternera-160-g.jpg?v=638776375788570000",
    "productUrl": "https://www.jumbo.cl/pate-de-ternera-la-preferida-160-g/p",
    "in_stock": true,
    "promo_text": "Lleva 2 por $2.600",
    "sku": "11084",
    "rating": 5,
    "description": null
  },
  {
    "id": "159820",
    "name": "Queso Rueda Mantecoso Las Parcelas de Valdivia 500 g",
    "brand": "Las Parcelas de Valdivia",
    "category": "quesos-y-fiambres",
    "price": 9990,
    "price_original": null,
    "currency": "CLP",
    "size": null,
    "unit_price": 19980,
    "image_url": "https://jumbocl.vteximg.com.br/arquivos/ids/533853-250-250/Queso-Mantecoso-Parcelas-Valdivia-500-g.jpg?v=638979415976570000",
    "productUrl": "https://www.jumbo.cl/queso-mante-500gr-2055601/p",
    "in_stock": true,
    "promo_text": "Paga $5.994",
    "sku": "159820",
    "rating": null,
    "description": null
  },
  {
    "id": "10876",
    "name": "Jamón Pierna PF Acaramelado Granel",
    "brand": "PF",
    "category": "quesos-y-fiambres",
    "price": 1196,
    "price_original": null,
    "currency": "CLP",
    "size": null,
    "unit_price": 11960,
    "image_url": "https://jumbocl.vteximg.com.br/arquivos/ids/350730-250-250/Jamon-Pierna-Acaramelado-PF-Granel.jpg?v=638776682440200000",
    "productUrl": "https://www.jumbo.cl/jamon-pierna-acaramelado-pf-granel-2/p",
    "in_stock": true,
    "promo_text": null,
    "sku": "10876",
    "rating": 4.6,
    "description": null
  },
  {
    "id": "98241",
    "name": "Pechuga de Pavo La Preferida Ahumada 125 g",
    "brand": "La Preferida",
    "category": "quesos-y-fiambres",
    "price": 2990,
    "price_original": null,
    "currency": "CLP",
    "size": null,
    "unit_price": 20000,
    "image_url": "https://jumbocl.vteximg.com.br/arquivos/ids/313138-250-250/Pechuga-de-pavo-ahumada-125-g.jpg?v=638776398608130000",
    "productUrl": "https://www.jumbo.cl/pechuga-de-pavo-ahumada-lp-125-gr-1859901/p",
    "in_stock": true,
    "promo_text": "Lleva 2 por $5.000",
    "sku": "98241",
    "rating": null,
    "description": null
  },
  {
    "id": "11090",
    "name": "Paté Teewurst Llanquihue 125 g",
    "brand": "Llanquihue",
    "category": "quesos-y-fiambres",
    "price": 2250,
    "price_original": null,
    "currency": "CLP",
    "size": null,
    "unit_price": 18000,
    "image_url": "https://jumbocl.vteximg.com.br/arquivos/ids/350809-250-250/Pate-Teewurst-125-g.jpg?v=638776682803900000",
    "productUrl": "https://www.jumbo.cl/pate-teewurst-llanquihue-125-g/p",
    "in_stock": true,
    "promo_text": null,
    "sku": "11090",
    "rating": 5,
    "description": null
  },
  {
    "id": "10858",
    "name": "Jamón Pierna La Preferida 200 g",
    "brand": "La Preferida",
    "category": "quesos-y-fiambres",
    "price": 3290,
    "price_original": null,
    "currency": "CLP",
    "size": null,
    "unit_price": 26320,
    "image_url": "https://jumbocl.vteximg.com.br/arquivos/ids/301761-250-250/Jamon-pierna-La-Preferida-200-g.jpg?v=638776375331230000",
    "productUrl": "https://www.jumbo.cl/jamon-pierna-la-preferida-200-g/p",
    "in_stock": true,
    "promo_text": null,
    "sku": "10858",
    "rating": 4.6,
    "description": null
  },
  {
    "id": "11087",
    "name": "Paté de Campo Llanquihue 125 g",
    "brand": "Llanquihue",
    "category": "quesos-y-fiambres",
    "price": 1490,
    "price_original": null,
    "currency": "CLP",
    "size": null,
    "unit_price": 9600,
    "image_url": "https://jumbocl.vteximg.com.br/arquivos/ids/350806-250-250/Principal-3105.jpg?v=638776682787030000",
    "productUrl": "https://www.jumbo.cl/pate-de-campo-llanquihue-125-g/p",
    "in_stock": true,
    "promo_text": "Lleva 2 por $2.400",
    "sku": "11087",
    "rating": 5,
    "description": null
  },
  {
    "id": "159821",
    "name": "Queso Albahaca Las Parcelas de Valdivia 200 g",
    "brand": "Las Parcelas de Valdivia",
    "category": "quesos-y-fiambres",
    "price": 4990,
    "price_original": null,
    "currency": "CLP",
    "size": null,
    "unit_price": 24950,
    "image_url": "https://jumbocl.vteximg.com.br/arquivos/ids/533859-250-250/Queso-Parcelas-Valdivia-Albahaca-200-g.jpg?v=638979415984400000",
    "productUrl": "https://www.jumbo.cl/queso-albah-200gr-2055602/p",
    "in_stock": true,
    "promo_text": "Paga $2.994",
    "sku": "159821",
    "rating": null,
    "description": null
  },
  {
    "id": "112001",
    "name": "Jamón de Cebo Ibérico 50% Cuisine & Co 80 g",
    "brand": "Cuisine & Co",
    "category": "quesos-y-fiambres",
    "price": 4990,
    "price_original": 6990,
    "currency": "CLP",
    "size": null,
    "unit_price": 62375,
    "image_url": "https://jumbocl.vteximg.com.br/arquivos/ids/378995-250-250/Jamon-de-cebo-iberico-50--80-g.jpg?v=638776817523100000",
    "productUrl": "https://www.jumbo.cl/jamon-de-cebo-iberico-50-80g-c-and-co-1899362/p",
    "in_stock": true,
    "promo_text": null,
    "sku": "112001",
    "rating": null,
    "description": null
  },
  {
    "id": "159822",
    "name": "Queso Merkén Las Parcelas de Valdivia 200 g",
    "brand": "Las Parcelas de Valdivia",
    "category": "quesos-y-fiambres",
    "price": 4990,
    "price_original": null,
    "currency": "CLP",
    "size": null,
    "unit_price": 24950,
    "image_url": "https://jumbocl.vteximg.com.br/arquivos/ids/533861-250-250/Queso-Parcelas-de-Valdivia-Merken-200-g.jpg?v=638979415993000000",
    "productUrl": "https://www.jumbo.cl/queso-merken-200gr-2055603/p",
    "in_stock": true,
    "promo_text": "Paga $2.994",
    "sku": "159822",
    "rating": null,
    "description": null
  },
  {
    "id": "136746",
    "name": "Queso Americano Fundido Cuisine & Co 144 g",
    "brand": "Cuisine & Co",
    "category": "quesos-y-fiambres",
    "price": 1290,
    "price_original": 1990,
    "currency": "CLP",
    "size": null,
    "unit_price": 8958,
    "image_url": "https://jumbocl.vteximg.com.br/arquivos/ids/326824-250-250/Queso-Americano-Fundido-Cuisine---Co-144-g.jpg?v=638776429511330000",
    "productUrl": "https://www.jumbo.cl/queso-amer-fund-144g-cuisine-and-co-nbe-mp-1993361/p",
    "in_stock": true,
    "promo_text": null,
    "sku": "136746",
    "rating": null,
    "description": null
  },
  {
    "id": "143398",
    "name": "Queso Mantecoso Las Parcelas de Valdivia 210 g",
    "brand": "Las Parcelas de Valdivia",
    "category": "quesos-y-fiambres",
    "price": 3990,
    "price_original": null,
    "currency": "CLP",
    "size": null,
    "unit_price": 19000,
    "image_url": "https://jumbocl.vteximg.com.br/arquivos/ids/421039-250-250/Queso-Mantecoso-las-Parcelas-de-Valdivia-210-g.jpg?v=638809557059900000",
    "productUrl": "https://www.jumbo.cl/queso-las-parcelas-de-valdivia-lam-210gr-2011245/p",
    "in_stock": true,
    "promo_text": "Paga $2.394",
    "sku": "143398",
    "rating": null,
    "description": null
  },
  {
    "id": "135221",
    "name": "Queso Crema Cuisine & Co Sin Lactosa 200 g",
    "brand": "Cuisine & Co",
    "category": "quesos-y-fiambres",
    "price": 1690,
    "price_original": 2890,
    "currency": "CLP",
    "size": null,
    "unit_price": 8450,
    "image_url": "https://jumbocl.vteximg.com.br/arquivos/ids/415261-250-250/Queso-Crema-Cuisine---Co-Envasado-200-g.jpg?v=638802534600230000",
    "productUrl": "https://www.jumbo.cl/que-crem-s-l-pt-200g-cuisine-and-co-nbe-mp-1988930/p",
    "in_stock": true,
    "promo_text": null,
    "sku": "135221",
    "rating": null,
    "description": null
  },
  {
    "id": "136745",
    "name": "Queso Mozzarella Fundido Cuisine & Co 144 g",
    "brand": "Cuisine & Co",
    "category": "quesos-y-fiambres",
    "price": 1290,
    "price_original": 1990,
    "currency": "CLP",
    "size": null,
    "unit_price": 8958,
    "image_url": "https://jumbocl.vteximg.com.br/arquivos/ids/326790-250-250/Queso-Mozzarella-Fundido-Cuisine---Co-144-g.jpg?v=638776429482670000",
    "productUrl": "https://www.jumbo.cl/queso-mozz-fund-144g-cuisine-and-co-nbe-mp-1993362/p",
    "in_stock": true,
    "promo_text": null,
    "sku": "136745",
    "rating": null,
    "description": null
  },
  {
    "id": "11051",
    "name": "Choricillo Cóctel Llanquihue 250 g",
    "brand": "Llanquihue",
    "category": "quesos-y-fiambres",
    "price": 4290,
    "price_original": null,
    "currency": "CLP",
    "size": null,
    "unit_price": 17160,
    "image_url": "https://jumbocl.vteximg.com.br/arquivos/ids/350787-250-250/Principal-3138.jpg?v=638776682678300000",
    "productUrl": "https://www.jumbo.cl/choricillo-cocktail-llanquihue-250-2/p",
    "in_stock": true,
    "promo_text": null,
    "sku": "11051",
    "rating": null,
    "description": null
  },
  {
    "id": "10921",
    "name": "Jamón Colonial Super Cerdo Granel",
    "brand": "Super Cerdo",
    "category": "quesos-y-fiambres",
    "price": 956,
    "price_original": null,
    "currency": "CLP",
    "size": null,
    "unit_price": 9560,
    "image_url": "https://jumbocl.vteximg.com.br/arquivos/ids/302101-250-250/Jamon-Colonial-Super-Cerdo-Granel.jpg?v=638776375803470000",
    "productUrl": "https://www.jumbo.cl/jamon-artesanal-super-cerdo-granel-2/p",
    "in_stock": true,
    "promo_text": null,
    "sku": "10921",
    "rating": 3,
    "description": null
  },
  {
    "id": "135222",
    "name": "Queso Crema Cuisine & Co Reducido en Calorías 200 g",
    "brand": "Cuisine & Co",
    "category": "quesos-y-fiambres",
    "price": 1690,
    "price_original": 2690,
    "currency": "CLP",
    "size": null,
    "unit_price": 8450,
    "image_url": "https://jumbocl.vteximg.com.br/arquivos/ids/415258-250-250/Queso-Crema-Cuisine---Co-Envasado-226-g.jpg?v=638802534262270000",
    "productUrl": "https://www.jumbo.cl/que-cre-rcal-pt-200g-cuisine-and-co-nbe-mp-1988929/p",
    "in_stock": true,
    "promo_text": null,
    "sku": "135222",
    "rating": 5,
    "description": null
  },
  {
    "id": "80211",
    "name": "Jamón Pierna Artesanal Winter Granel",
    "brand": "Winter",
    "category": "quesos-y-fiambres",
    "price": 940,
    "price_original": null,
    "currency": "CLP",
    "size": null,
    "unit_price": 9400,
    "image_url": "https://jumbocl.vteximg.com.br/arquivos/ids/311069-250-250/Jamon-pierna-artesanal-granel.jpg?v=638776392869570000",
    "productUrl": "https://www.jumbo.cl/jamon-pierna-artesanal-wn-granel/p",
    "in_stock": true,
    "promo_text": null,
    "sku": "80211",
    "rating": null,
    "description": null
  },
  {
    "id": "11056",
    "name": "Longaniza Llanquihue 250 g",
    "brand": "Llanquihue",
    "category": "quesos-y-fiambres",
    "price": 3890,
    "price_original": null,
    "currency": "CLP",
    "size": null,
    "unit_price": 15560,
    "image_url": "https://jumbocl.vteximg.com.br/arquivos/ids/350788-250-250/Longaniza-2-un-250-g.jpg?v=638776682693300000",
    "productUrl": "https://www.jumbo.cl/longaniza-llanquihue-250-g-2-unidad/p",
    "in_stock": true,
    "promo_text": null,
    "sku": "11056",
    "rating": null,
    "description": null
  },
  {
    "id": "111903",
    "name": "Lomo Curado Reserva Cuisine & Co 80 g",
    "brand": "Cuisine & Co",
    "category": "quesos-y-fiambres",
    "price": 4190,
    "price_original": null,
    "currency": "CLP",
    "size": null,
    "unit_price": 52375,
    "image_url": "https://jumbocl.vteximg.com.br/arquivos/ids/378916-250-250/Lomo-curado-Gran-reserva-80-g.jpg?v=638776817211930000",
    "productUrl": "https://www.jumbo.cl/lomo-curado-gran-reserva-80-g/p",
    "in_stock": true,
    "promo_text": null,
    "sku": "111903",
    "rating": 4,
    "description": null
  },
  {
    "id": "11059",
    "name": "Prietas Llanquihue 250 g",
    "brand": "Llanquihue",
    "category": "quesos-y-fiambres",
    "price": 2590,
    "price_original": null,
    "currency": "CLP",
    "size": null,
    "unit_price": 10360,
    "image_url": "https://jumbocl.vteximg.com.br/arquivos/ids/350797-250-250/Principal-3130.jpg?v=638776682730800000",
    "productUrl": "https://www.jumbo.cl/prietas-llanquihue-250-g-2-unidades/p",
    "in_stock": true,
    "promo_text": null,
    "sku": "11059",
    "rating": 5,
    "description": null
  },
  {
    "id": "10730",
    "name": "Queso Azul Santa Rosa Envasado Trozo 100 g",
    "brand": "Santa Rosa",
    "category": "quesos-y-fiambres",
    "price": 2990,
    "price_original": 3990,
    "currency": "CLP",
    "size": null,
    "unit_price": 29900,
    "image_url": "https://jumbocl.vteximg.com.br/arquivos/ids/302063-250-250/Queso-Azul-Santa-Rosa-100-g.jpg?v=638776375764130000",
    "productUrl": "https://www.jumbo.cl/queso-azul-santa-rosa-100-g/p",
    "in_stock": true,
    "promo_text": null,
    "sku": "10730",
    "rating": 5,
    "description": null
  },
  {
    "id": "132535",
    "name": "Lomo Kassler Llanquihue 100 g",
    "brand": "Llanquihue",
    "category": "quesos-y-fiambres",
    "price": 2750,
    "price_original": null,
    "currency": "CLP",
    "size": null,
    "unit_price": 27500,
    "image_url": "https://jumbocl.vteximg.com.br/arquivos/ids/400057-250-250/Lomo-Kassler-Llanquihue-100-g.jpg?v=638776899881870000",
    "productUrl": "https://www.jumbo.cl/lomo-kassler-llanquihue-100-gr-1982574/p",
    "in_stock": true,
    "promo_text": null,
    "sku": "132535",
    "rating": 5,
    "description": null
  },
  {
    "id": "11191",
    "name": "Salchicha Llanquihue Tradicional 20 un.",
    "brand": "Llanquihue",
    "category": "quesos-y-fiambres",
    "price": 12990,
    "price_original": null,
    "currency": "CLP",
    "size": null,
    "unit_price": 12990,
    "image_url": "https://jumbocl.vteximg.com.br/arquivos/ids/350861-250-250/Salchichas-tradicional-Llanquihue-1-kg.jpg?v=638776683042730000",
    "productUrl": "https://www.jumbo.cl/salchichas-tradicional-llanquihue-1-kg/p",
    "in_stock": true,
    "promo_text": null,
    "sku": "11191",
    "rating": 5,
    "description": null
  },
  {
    "id": "79520",
    "name": "Jamón Pierna Artesanal Receta del Abuelo 200 g",
    "brand": "Receta del Abuelo",
    "category": "quesos-y-fiambres",
    "price": 2390,
    "price_original": 2990,
    "currency": "CLP",
    "size": null,
    "unit_price": 11950,
    "image_url": "https://jumbocl.vteximg.com.br/arquivos/ids/364134-250-250/Jamon-pierna-artesanal-200-g.jpg?v=638776752387330000",
    "productUrl": "https://www.jumbo.cl/jamon-pierna-artesanal-200-g/p",
    "in_stock": true,
    "promo_text": null,
    "sku": "79520",
    "rating": null,
    "description": null
  },
  {
    "id": "11052",
    "name": "Chorizo Parrillero Llanquihue 1 kg",
    "brand": "Llanquihue",
    "category": "quesos-y-fiambres",
    "price": 14190,
    "price_original": null,
    "currency": "CLP",
    "size": null,
    "unit_price": 14190,
    "image_url": "https://jumbocl.vteximg.com.br/arquivos/ids/350791-250-250/Principal-3137.jpg?v=638776682702970000",
    "productUrl": "https://www.jumbo.cl/chorizo-parrillero-llanquihue-1-kg/p",
    "in_stock": true,
    "promo_text": null,
    "sku": "11052",
    "rating": null,
    "description": null
  },
  {
    "id": "11094",
    "name": "Pasta Salame Receta del Abuelo 125 g",
    "brand": "Receta del Abuelo",
    "category": "quesos-y-fiambres",
    "price": 1230,
    "price_original": null,
    "currency": "CLP",
    "size": null,
    "unit_price": 7600,
    "image_url": "https://jumbocl.vteximg.com.br/arquivos/ids/301904-250-250/Pasta-Salame-Receta-del-Abuelo-125-g.jpg?v=638776375536870000",
    "productUrl": "https://www.jumbo.cl/pasta-de-salame-receta-del-abuelo-125-g/p",
    "in_stock": true,
    "promo_text": "Lleva 2 por $1.900",
    "sku": "11094",
    "rating": null,
    "description": null
  },
  {
    "id": "140024",
    "name": "Chorizo Griego Llanquihue 400 g",
    "brand": "Llanquihue",
    "category": "quesos-y-fiambres",
    "price": 3590,
    "price_original": 4950,
    "currency": "CLP",
    "size": null,
    "unit_price": 8975,
    "image_url": "https://jumbocl.vteximg.com.br/arquivos/ids/410313-250-250/Chorizo-Griego-Llanquihue-400-g.jpg?v=638790481272930000",
    "productUrl": "https://www.jumbo.cl/chorizo-griego-llanquihue-400g-2004377/p",
    "in_stock": true,
    "promo_text": null,
    "sku": "140024",
    "rating": null,
    "description": null
  },
  {
    "id": "11054",
    "name": "Chorizo Parrillero Llanquihue 500 g 8 un.",
    "brand": "Llanquihue",
    "category": "quesos-y-fiambres",
    "price": 5690,
    "price_original": 7290,
    "currency": "CLP",
    "size": null,
    "unit_price": 11380,
    "image_url": "https://jumbocl.vteximg.com.br/arquivos/ids/350790-250-250/Chorizo-Parrillero-Llanquihue-500-g-8-Unidades.jpg?v=638776682697330000",
    "productUrl": "https://www.jumbo.cl/chorizo-parrillero-llanquihue-500-g/p",
    "in_stock": true,
    "promo_text": null,
    "sku": "11054",
    "rating": 5,
    "description": null
  },
  {
    "id": "11055",
    "name": "Longaniza Llanquihue 1 kg 8 un.",
    "brand": "Llanquihue",
    "category": "quesos-y-fiambres",
    "price": 10490,
    "price_original": 13790,
    "currency": "CLP",
    "size": null,
    "unit_price": 10490,
    "image_url": "https://jumbocl.vteximg.com.br/arquivos/ids/350793-250-250/Principal-3134.jpg?v=638776682706300000",
    "productUrl": "https://www.jumbo.cl/longaniza-llanquihue-1-kg-8-unidade/p",
    "in_stock": true,
    "promo_text": "Paga $9.490",
    "sku": "11055",
    "rating": 5,
    "description": null
  },
  {
    "id": "103786",
    "name": "Pepperoni La Preferida 100 g",
    "brand": "La Preferida",
    "category": "quesos-y-fiambres",
    "price": 2350,
    "price_original": null,
    "currency": "CLP",
    "size": null,
    "unit_price": 18000,
    "image_url": "https://jumbocl.vteximg.com.br/arquivos/ids/314315-250-250/Pepperoni-100-g.jpg?v=638776401658700000",
    "productUrl": "https://www.jumbo.cl/pepperoni-100-g/p",
    "in_stock": true,
    "promo_text": "Lleva 2 por $3.600",
    "sku": "103786",
    "rating": null,
    "description": null
  },
  {
    "id": "11053",
    "name": "Chorizo Parrillero Llanquihue 250 g 4 un.",
    "brand": "Llanquihue",
    "category": "quesos-y-fiambres",
    "price": 3790,
    "price_original": null,
    "currency": "CLP",
    "size": null,
    "unit_price": 15160,
    "image_url": "https://jumbocl.vteximg.com.br/arquivos/ids/350794-250-250/Principal-3136.jpg?v=638776682713870000",
    "productUrl": "https://www.jumbo.cl/chorizo-parrillero-llanquihue-250-g/p",
    "in_stock": true,
    "promo_text": null,
    "sku": "11053",
    "rating": null,
    "description": null
  },
  {
    "id": "88123",
    "name": "Queso Camembert Los Alpes 125 g",
    "brand": "Los Alpes",
    "category": "quesos-y-fiambres",
    "price": 2890,
    "price_original": 3730,
    "currency": "CLP",
    "size": null,
    "unit_price": 23120,
    "image_url": "https://jumbocl.vteximg.com.br/arquivos/ids/311927-250-250/Queso-Camembert-Los-Alpes-125-g.jpg?v=638776395037170000",
    "productUrl": "https://www.jumbo.cl/queso-camembert-125-g/p",
    "in_stock": true,
    "promo_text": "Paga $2.490",
    "sku": "88123",
    "rating": 3.4,
    "description": null
  },
  {
    "id": "48156",
    "name": "Jamón Pierna Cerdo La Crianza 200 g",
    "brand": "La Crianza",
    "category": "quesos-y-fiambres",
    "price": 2950,
    "price_original": null,
    "currency": "CLP",
    "size": null,
    "unit_price": 14750,
    "image_url": "https://jumbocl.vteximg.com.br/arquivos/ids/358386-250-250/Jamon-campestre-200-g.jpg?v=638776723333730000",
    "productUrl": "https://www.jumbo.cl/jamon-la-crianza-campestre-200-g/p",
    "in_stock": true,
    "promo_text": "Paga $2.213",
    "sku": "48156",
    "rating": 5,
    "description": null
  },
  {
    "id": "44087",
    "name": "Queso Chanco Quillayes Envasado Laminado 250 g",
    "brand": "Quillayes",
    "category": "quesos-y-fiambres",
    "price": 2890,
    "price_original": 3890,
    "currency": "CLP",
    "size": null,
    "unit_price": 11560,
    "image_url": "https://jumbocl.vteximg.com.br/arquivos/ids/357529-250-250/Queso-chanco-laminado-250-g.jpg?v=638776719506800000",
    "productUrl": "https://www.jumbo.cl/queso-chanco-laminado-quillayes-250-g/p",
    "in_stock": true,
    "promo_text": null,
    "sku": "44087",
    "rating": 5,
    "description": null
  },
  {
    "id": "11057",
    "name": "Longaniza Llanquihue 500 g 4 un.",
    "brand": "Llanquihue",
    "category": "quesos-y-fiambres",
    "price": 6890,
    "price_original": null,
    "currency": "CLP",
    "size": null,
    "unit_price": 13780,
    "image_url": "https://jumbocl.vteximg.com.br/arquivos/ids/350800-250-250/Principal-3132.jpg?v=638776682741400000",
    "productUrl": "https://www.jumbo.cl/longaniza-llanquihue-500-g-4-unidad/p",
    "in_stock": true,
    "promo_text": null,
    "sku": "11057",
    "rating": 5,
    "description": null
  },
  {
    "id": "132543",
    "name": "Salame Llanquihue 100 g",
    "brand": "Llanquihue",
    "category": "quesos-y-fiambres",
    "price": 3390,
    "price_original": null,
    "currency": "CLP",
    "size": null,
    "unit_price": 33900,
    "image_url": "https://jumbocl.vteximg.com.br/arquivos/ids/400064-250-250/1982571-01_667079.jpg?v=638776899906470000",
    "productUrl": "https://www.jumbo.cl/salame-llanquihue-100-gr-1982571/p",
    "in_stock": true,
    "promo_text": null,
    "sku": "132543",
    "rating": 5,
    "description": null
  },
  {
    "id": "125608",
    "name": "Pechuga Pollo Asada Receta del Abuelo Corte Pluma 125 g",
    "brand": "Receta del Abuelo",
    "category": "quesos-y-fiambres",
    "price": 2350,
    "price_original": null,
    "currency": "CLP",
    "size": null,
    "unit_price": 18800,
    "image_url": "https://jumbocl.vteximg.com.br/arquivos/ids/391131-250-250/Pechuga-pollo-asada-corte-pluma-125-g.jpg?v=638776866383970000",
    "productUrl": "https://www.jumbo.cl/pechuga-pollo-asada-corte-pluma-rda-125g-1961592/p",
    "in_stock": true,
    "promo_text": null,
    "sku": "125608",
    "rating": 4.5,
    "description": null
  },
  {
    "id": "13716",
    "name": "Queso Maasdanm Veldhuyzen Trozo Granel",
    "brand": "Veldhuyzen",
    "category": "quesos-y-fiambres",
    "price": 3498,
    "price_original": 4998,
    "currency": "CLP",
    "size": null,
    "unit_price": 13992,
    "image_url": "https://jumbocl.vteximg.com.br/arquivos/ids/303365-250-250/Queso-Maasdam-Veldhuyzen-Trozo-Granel.jpg?v=638776377146030000",
    "productUrl": "https://www.jumbo.cl/queso-holland-maasdammer-granel/p",
    "in_stock": true,
    "promo_text": "30% dcto.",
    "sku": "13716",
    "rating": 4.9,
    "description": null
  },
  {
    "id": "18528",
    "name": "Aceituna Azapa Granel",
    "brand": "Encurtidos Jumbo",
    "category": "quesos-y-fiambres",
    "price": 1350,
    "price_original": null,
    "currency": "CLP",
    "size": null,
    "unit_price": 13500,
    "image_url": "https://jumbocl.vteximg.com.br/arquivos/ids/352862-250-250/Aceituna-Azapa-granel.jpg?v=638776694792530000",
    "productUrl": "https://www.jumbo.cl/aceitunas-extra-azapa-granel/p",
    "in_stock": true,
    "promo_text": null,
    "sku": "18528",
    "rating": 5,
    "description": null
  },
  {
    "id": "56816",
    "name": "Jamón Pierna de Cerdo Villa Baviera Cocido y Ahumado 200 g",
    "brand": "Villa Baviera",
    "category": "quesos-y-fiambres",
    "price": 4090,
    "price_original": null,
    "currency": "CLP",
    "size": null,
    "unit_price": 20450,
    "image_url": "https://jumbocl.vteximg.com.br/arquivos/ids/360088-250-250/976468.jpg?v=638776731102500000",
    "productUrl": "https://www.jumbo.cl/jamon-p-lonc-villa-baviera-200gr/p",
    "in_stock": true,
    "promo_text": null,
    "sku": "56816",
    "rating": 5,
    "description": null
  },
  {
    "id": "133721",
    "name": "Jamón Sándwich La Crianza Granel",
    "brand": "La Crianza",
    "category": "quesos-y-fiambres",
    "price": 860,
    "price_original": null,
    "currency": "CLP",
    "size": null,
    "unit_price": 8600,
    "image_url": "https://jumbocl.vteximg.com.br/arquivos/ids/401300-250-250/Jamon-Sandwich-La-Crianza-granel.jpg?v=638776904783400000",
    "productUrl": "https://www.jumbo.cl/jamon-sandwich-la-crianza-granel-1983479-kg/p",
    "in_stock": true,
    "promo_text": "Paga $645",
    "sku": "133721",
    "rating": null,
    "description": null
  },
  {
    "id": "10751",
    "name": "Quesillo Colun Light Pote 320 g",
    "brand": "Colun",
    "category": "quesos-y-fiambres",
    "price": 2290,
    "price_original": 2690,
    "currency": "CLP",
    "size": null,
    "unit_price": 7156,
    "image_url": "https://jumbocl.vteximg.com.br/arquivos/ids/301859-250-250/Quesillo-Light-Colun-Pote-320-g.jpg?v=638776375473100000",
    "productUrl": "https://www.jumbo.cl/quesillo-light-colun-2-unidades-160-g-cu/p",
    "in_stock": true,
    "promo_text": null,
    "sku": "10751",
    "rating": 4.3,
    "description": null
  },
  {
    "id": "48155",
    "name": "Jamón Campestre La Crianza Ahumado 200 g",
    "brand": "La Crianza",
    "category": "quesos-y-fiambres",
    "price": 2950,
    "price_original": null,
    "currency": "CLP",
    "size": null,
    "unit_price": 14750,
    "image_url": "https://jumbocl.vteximg.com.br/arquivos/ids/358388-250-250/Jamon-campestre-ahumado-200-g.jpg?v=638776723335800000",
    "productUrl": "https://www.jumbo.cl/jamon-la-crianza-campestre-ahumado-200-g/p",
    "in_stock": true,
    "promo_text": "Paga $2.213",
    "sku": "48155",
    "rating": null,
    "description": null
  },
  {
    "id": "1515",
    "name": "Aceitunas Verdes Fragata Rellenas de Limón 85 g drenado",
    "brand": "Fragata",
    "category": "quesos-y-fiambres",
    "price": 1043,
    "price_original": 1490,
    "currency": "CLP",
    "size": null,
    "unit_price": 5215,
    "image_url": "https://jumbocl.vteximg.com.br/arquivos/ids/298653-250-250/Aceitunas-verdes-rellenas-de-limon-85-g-drenado.jpg?v=638775754977900000",
    "productUrl": "https://www.jumbo.cl/aceitunas-verdes-fragata-lata-85-g-drenado-200-g-neto-rellenas-de-limon/p",
    "in_stock": true,
    "promo_text": "30% dcto.",
    "sku": "1515",
    "rating": null,
    "description": null
  },
  {
    "id": "18699",
    "name": "Jamón Westfalia Villa Baviera 100 g",
    "brand": "Villa Baviera",
    "category": "quesos-y-fiambres",
    "price": 4190,
    "price_original": null,
    "currency": "CLP",
    "size": null,
    "unit_price": 41900,
    "image_url": "https://jumbocl.vteximg.com.br/arquivos/ids/352957-250-250/976464.jpg?v=638776695262800000",
    "productUrl": "https://www.jumbo.cl/jamon-westfalia-villa-baviera-100-g/p",
    "in_stock": true,
    "promo_text": null,
    "sku": "18699",
    "rating": null,
    "description": null
  },
  {
    "id": "119624",
    "name": "Salame Snackin La Preferida 50 g",
    "brand": "La Preferida",
    "category": "quesos-y-fiambres",
    "price": 1390,
    "price_original": null,
    "currency": "CLP",
    "size": null,
    "unit_price": 20000,
    "image_url": "https://jumbocl.vteximg.com.br/arquivos/ids/317184-250-250/Salame-Snackin-50-g.jpg?v=638776410925700000",
    "productUrl": "https://www.jumbo.cl/salame-snackin-lp-50gr-1938679/p",
    "in_stock": true,
    "promo_text": "Lleva 2 por $2.000",
    "sku": "119624",
    "rating": null,
    "description": null
  },
  {
    "id": "138770",
    "name": "Queso Mantecoso Cuisine & Co Laminado 500 g",
    "brand": "Cuisine & Co",
    "category": "quesos-y-fiambres",
    "price": 5390,
    "price_original": 6290,
    "currency": "CLP",
    "size": null,
    "unit_price": 10780,
    "image_url": "https://jumbocl.vteximg.com.br/arquivos/ids/330354-250-250/Queso-Mantecoso-Cuisine---Co-Laminado-500-g.jpg?v=638776432375030000",
    "productUrl": "https://www.jumbo.cl/que-mantecoso-lam-500g-cuisine-and-co-nbe-mp-2001112/p",
    "in_stock": true,
    "promo_text": null,
    "sku": "138770",
    "rating": null,
    "description": null
  },
  {
    "id": "73766",
    "name": "Queso Chacra Quillayes Envasado Trozo 400 g",
    "brand": "Quillayes",
    "category": "quesos-y-fiambres",
    "price": 3550,
    "price_original": null,
    "currency": "CLP",
    "size": null,
    "unit_price": 8875,
    "image_url": "https://jumbocl.vteximg.com.br/arquivos/ids/362679-250-250/Queso-chacra-400-g.jpg?v=638776744365670000",
    "productUrl": "https://www.jumbo.cl/queso-chacra-quillayes-400-g/p",
    "in_stock": true,
    "promo_text": null,
    "sku": "73766",
    "rating": 4.8,
    "description": null
  },
  {
    "id": "11141",
    "name": "Salame Ahumado PF Granel",
    "brand": "PF",
    "category": "quesos-y-fiambres",
    "price": 1560,
    "price_original": null,
    "currency": "CLP",
    "size": null,
    "unit_price": 15600,
    "image_url": "https://jumbocl.vteximg.com.br/arquivos/ids/350828-250-250/Salame-ahumado-PF-granel.jpg?v=638776682895670000",
    "productUrl": "https://www.jumbo.cl/salame-ahumado-pf-gra/p",
    "in_stock": true,
    "promo_text": null,
    "sku": "11141",
    "rating": 5,
    "description": null
  },
  {
    "id": "1509",
    "name": "Aceitunas Verdes Fragata Rellenas de Anchoas 85 g drenado",
    "brand": "Fragata",
    "category": "quesos-y-fiambres",
    "price": 1043,
    "price_original": 1490,
    "currency": "CLP",
    "size": null,
    "unit_price": 5215,
    "image_url": "https://jumbocl.vteximg.com.br/arquivos/ids/298648-250-250/Aceitunas-verdes-rellenas-de-anchoas-85-g-drenado.jpg?v=638775754909170000",
    "productUrl": "https://www.jumbo.cl/aceitunas-verdes-fragata-lata-200-g-rellenas-con-anchoas/p",
    "in_stock": true,
    "promo_text": "30% dcto.",
    "sku": "1509",
    "rating": 5,
    "description": null
  },
  {
    "id": "97122",
    "name": "Jamón Serrano Receta del Abuelo Laminado Envasado 65 g",
    "brand": "Receta del Abuelo",
    "category": "quesos-y-fiambres",
    "price": 2290,
    "price_original": null,
    "currency": "CLP",
    "size": null,
    "unit_price": 35231,
    "image_url": "https://jumbocl.vteximg.com.br/arquivos/ids/312817-250-250/Jamon-Serrano-Laminado-65-g.jpg?v=638776397663430000",
    "productUrl": "https://www.jumbo.cl/jamon-serrano-65-g/p",
    "in_stock": true,
    "promo_text": null,
    "sku": "97122",
    "rating": 5,
    "description": null
  },
  {
    "id": "111997",
    "name": "Chorizo Cuisine & Co Laminado 80 g",
    "brand": "Cuisine & Co",
    "category": "quesos-y-fiambres",
    "price": 2790,
    "price_original": null,
    "currency": "CLP",
    "size": null,
    "unit_price": 25000,
    "image_url": "https://jumbocl.vteximg.com.br/arquivos/ids/378997-250-250/Chorizo-laminado-80-g.jpg?v=638776817525430000",
    "productUrl": "https://www.jumbo.cl/chorizo-laminado-80g-c-and-co-1899357/p",
    "in_stock": true,
    "promo_text": "Lleva 2 por $4.000",
    "sku": "111997",
    "rating": null,
    "description": null
  },
  {
    "id": "71073",
    "name": "Aceituna Huasco 200 g",
    "brand": "Cuisine & Co",
    "category": "quesos-y-fiambres",
    "price": 1840,
    "price_original": null,
    "currency": "CLP",
    "size": null,
    "unit_price": 9200,
    "image_url": "https://jumbocl.vteximg.com.br/arquivos/ids/362280-250-250/Aceituna-huasco-200-g.jpg?v=638776742196270000",
    "productUrl": "https://www.jumbo.cl/aceituna-huasco-200-g-cuisine-and-co-1783616/p",
    "in_stock": true,
    "promo_text": null,
    "sku": "71073",
    "rating": 3.4,
    "description": null
  },
  {
    "id": "108761",
    "name": "Queso Mantecoso Laminado Kastanon 500 g",
    "brand": "Kastanon",
    "category": "quesos-y-fiambres",
    "price": 5990,
    "price_original": 8490,
    "currency": "CLP",
    "size": null,
    "unit_price": 11980,
    "image_url": "https://jumbocl.vteximg.com.br/arquivos/ids/431100-250-250/Queso-Mantecoso-Laminado-Kastanon-500-g.jpg?v=638819719001030000",
    "productUrl": "https://www.jumbo.cl/queso-mantecoso-laminado-kastanon-500-gr-1900877/p",
    "in_stock": true,
    "promo_text": null,
    "sku": "108761",
    "rating": 3.7,
    "description": null
  },
  {
    "id": "18638",
    "name": "Paleta Serrana Trujillo Etiqueta Roja 80 g",
    "brand": "Trujillo",
    "category": "quesos-y-fiambres",
    "price": 4090,
    "price_original": null,
    "currency": "CLP",
    "size": null,
    "unit_price": 51125,
    "image_url": "https://jumbocl.vteximg.com.br/arquivos/ids/352927-250-250/Principal-17319.jpg?v=638776695125870000",
    "productUrl": "https://www.jumbo.cl/paleta-serrana-etiqueta-roja-trujillo-80-g/p",
    "in_stock": true,
    "promo_text": null,
    "sku": "18638",
    "rating": null,
    "description": null
  },
  {
    "id": "11150",
    "name": "Salame Receta del Abuelo 100 g",
    "brand": "Receta del Abuelo",
    "category": "quesos-y-fiambres",
    "price": 2150,
    "price_original": null,
    "currency": "CLP",
    "size": null,
    "unit_price": 21500,
    "image_url": "https://jumbocl.vteximg.com.br/arquivos/ids/350832-250-250/Salame-Receta-del-Abuelo-100-g.jpg?v=638776682914000000",
    "productUrl": "https://www.jumbo.cl/salame-receta-del-abuelo-100-g/p",
    "in_stock": true,
    "promo_text": null,
    "sku": "11150",
    "rating": 5,
    "description": null
  },
  {
    "id": "10683",
    "name": "Queso Brie Ile de France Envasado Trozo 125 g",
    "brand": "Ile De France",
    "category": "quesos-y-fiambres",
    "price": 6290,
    "price_original": null,
    "currency": "CLP",
    "size": null,
    "unit_price": 50320,
    "image_url": "https://jumbocl.vteximg.com.br/arquivos/ids/350648-250-250/Queso-petit-brie-125-g.jpg?v=638776682130400000",
    "productUrl": "https://www.jumbo.cl/queso-petit-brie-ile-de-france-125-g/p",
    "in_stock": true,
    "promo_text": null,
    "sku": "10683",
    "rating": 5,
    "description": null
  },
  {
    "id": "32215",
    "name": "Queso Mantecoso Matthei Envasado Trozo 250 g",
    "brand": "Matthei",
    "category": "quesos-y-fiambres",
    "price": 4190,
    "price_original": null,
    "currency": "CLP",
    "size": null,
    "unit_price": 16760,
    "image_url": "https://jumbocl.vteximg.com.br/arquivos/ids/306957-250-250/Queso-Mantecoso-Matthei-Envasado-Trozo-250-g.jpg?v=638776383517570000",
    "productUrl": "https://www.jumbo.cl/queso-mantecoso-matthei-trozo-250-g/p",
    "in_stock": true,
    "promo_text": null,
    "sku": "32215",
    "rating": 5,
    "description": null
  },
  {
    "id": "65521",
    "name": "Vienna Tradicional Al Vacío 250 g",
    "brand": "Jumbo Artesanal",
    "category": "quesos-y-fiambres",
    "price": 3289,
    "price_original": null,
    "currency": "CLP",
    "size": null,
    "unit_price": 13156,
    "image_url": "https://jumbocl.vteximg.com.br/arquivos/ids/309841-250-250/Vienna-Tradicional-Al-Vacio-250-g.jpg?v=638776390021830000",
    "productUrl": "https://www.jumbo.cl/wieners-tradicional-jumbo-artesanal-250g/p",
    "in_stock": true,
    "promo_text": "Paga $1.973",
    "sku": "65521",
    "rating": 5,
    "description": null
  },
  {
    "id": "141065",
    "name": "Prieta Tradicional 500 g",
    "brand": "Jumbo Artesanal",
    "category": "quesos-y-fiambres",
    "price": 5990,
    "price_original": null,
    "currency": "CLP",
    "size": null,
    "unit_price": 11980,
    "image_url": "https://jumbocl.vteximg.com.br/arquivos/ids/520421-250-250/Prieta-Tradicional-500-g.jpg?v=638953642587500000",
    "productUrl": "https://www.jumbo.cl/prieta-tradicional-500g-jumbo-artesanal-2007044/p",
    "in_stock": true,
    "promo_text": null,
    "sku": "141065",
    "rating": null,
    "description": null
  },
  {
    "id": "140407",
    "name": "Prieta Tradicional Al Vacío 250 g",
    "brand": "Jumbo Artesanal",
    "category": "quesos-y-fiambres",
    "price": 2790,
    "price_original": 3490,
    "currency": "CLP",
    "size": null,
    "unit_price": 11160,
    "image_url": "https://jumbocl.vteximg.com.br/arquivos/ids/333934-250-250/Prieta-Tradicional-Al-Vacio-250-g.jpg?v=638776435280000000",
    "productUrl": "https://www.jumbo.cl/prieta-tradicional-250gr-jumbo-artesanal-2007046/p",
    "in_stock": true,
    "promo_text": null,
    "sku": "140407",
    "rating": 4.7,
    "description": null
  },
  {
    "id": "10986",
    "name": "Queso Mantecoso Río Bueno Laminado 250 g",
    "brand": "Río Bueno",
    "category": "quesos-y-fiambres",
    "price": 4090,
    "price_original": null,
    "currency": "CLP",
    "size": null,
    "unit_price": 16360,
    "image_url": "https://jumbocl.vteximg.com.br/arquivos/ids/302052-250-250/Queso-Mantecoso-Rio-Bueno-Envasado-Laminado-250-g.jpg?v=638776375749570000",
    "productUrl": "https://www.jumbo.cl/queso-mantecoso-rio-bueno-250-g-2/p",
    "in_stock": true,
    "promo_text": null,
    "sku": "10986",
    "rating": 4.8,
    "description": null
  },
  {
    "id": "10819",
    "name": "Surtido Cóctel Receta del Abuelo 150 g",
    "brand": "Receta del Abuelo",
    "category": "quesos-y-fiambres",
    "price": 4190,
    "price_original": null,
    "currency": "CLP",
    "size": null,
    "unit_price": 27933,
    "image_url": "https://jumbocl.vteximg.com.br/arquivos/ids/350706-250-250/Surtido-Cocktail-Receta-del-Abuelo-150-g.jpg?v=638776682351470000",
    "productUrl": "https://www.jumbo.cl/surtido-cocktail-receta-del-abuelo/p",
    "in_stock": true,
    "promo_text": null,
    "sku": "10819",
    "rating": 5,
    "description": null
  },
  {
    "id": "141064",
    "name": "Prieta con Arroz 500 g",
    "brand": "Jumbo Artesanal",
    "category": "quesos-y-fiambres",
    "price": 5990,
    "price_original": null,
    "currency": "CLP",
    "size": null,
    "unit_price": 11980,
    "image_url": "https://jumbocl.vteximg.com.br/arquivos/ids/520409-250-250/Prieta-con-Arroz-500-g.jpg?v=638953642552570000",
    "productUrl": "https://www.jumbo.cl/prieta-con-arroz-500-gr-jumbo-artesanal-2005801/p",
    "in_stock": true,
    "promo_text": null,
    "sku": "141064",
    "rating": null,
    "description": null
  },
  {
    "id": "1514",
    "name": "Aceitunas Verdes Fragata Rellenas de Salmón 85 g drenado",
    "brand": "Fragata",
    "category": "quesos-y-fiambres",
    "price": 1043,
    "price_original": 1490,
    "currency": "CLP",
    "size": null,
    "unit_price": 5215,
    "image_url": "https://jumbocl.vteximg.com.br/arquivos/ids/298652-250-250/Aceitunas-verdes-rellenas-de-salmon-85-g-drenado.jpg?v=638775754962500000",
    "productUrl": "https://www.jumbo.cl/aceitunas-verdes-fragata-lata-85-g-drenado-200-g-neto-rellenas-con-salmon/p",
    "in_stock": true,
    "promo_text": "30% dcto.",
    "sku": "1514",
    "rating": 4.5,
    "description": null
  },
  {
    "id": "11096",
    "name": "Paté de Campo Receta del Abuelo 125 g",
    "brand": "Receta del Abuelo",
    "category": "quesos-y-fiambres",
    "price": 1050,
    "price_original": null,
    "currency": "CLP",
    "size": null,
    "unit_price": 8400,
    "image_url": "https://jumbocl.vteximg.com.br/arquivos/ids/301944-250-250/Pate-de-campo-125-g.jpg?v=638776375591770000",
    "productUrl": "https://www.jumbo.cl/pate-de-campo-receta-del-abuelo-125-g/p",
    "in_stock": true,
    "promo_text": null,
    "sku": "11096",
    "rating": null,
    "description": null
  },
  {
    "id": "24462",
    "name": "Queso Mantecoso Río Bueno Laminado 150 g",
    "brand": "Colun",
    "category": "quesos-y-fiambres",
    "price": 2450,
    "price_original": null,
    "currency": "CLP",
    "size": null,
    "unit_price": 16333,
    "image_url": "https://jumbocl.vteximg.com.br/arquivos/ids/305090-250-250/Queso-Mantecoso-Colun-Envasado-Laminado-150-g.jpg?v=638776381218270000",
    "productUrl": "https://www.jumbo.cl/queso-mantecoso-laminado-rio-bueno-150-g/p",
    "in_stock": true,
    "promo_text": null,
    "sku": "24462",
    "rating": 5,
    "description": null
  },
  {
    "id": "10983",
    "name": "Queso Mantecoso Quilque Laminado Granel",
    "brand": "Soprole",
    "category": "quesos-y-fiambres",
    "price": 1180,
    "price_original": 1340,
    "currency": "CLP",
    "size": null,
    "unit_price": 11800,
    "image_url": "https://jumbocl.vteximg.com.br/arquivos/ids/302030-250-250/Queso-Mantecoso-Soprole-Laminado-Granel.jpg?v=638776375719830000",
    "productUrl": "https://www.jumbo.cl/queso-mantecoso-quilque-granel/p",
    "in_stock": true,
    "promo_text": null,
    "sku": "10983",
    "rating": 4,
    "description": null
  },
  {
    "id": "115730",
    "name": "Queso Chacra Sin Lactosa El Roble Envasado Trozo 350 g",
    "brand": "El Roble",
    "category": "quesos-y-fiambres",
    "price": 2690,
    "price_original": 3320,
    "currency": "CLP",
    "size": null,
    "unit_price": 7686,
    "image_url": "https://jumbocl.vteximg.com.br/arquivos/ids/316361-250-250/Queso-Chacra-Sin-Lactosa-El-Roble-Envasado-Trozo-350-g.jpg?v=638776407975870000",
    "productUrl": "https://www.jumbo.cl/queso-chacra-sin-lactosa-el-roble-350-gr-1929187/p",
    "in_stock": true,
    "promo_text": null,
    "sku": "115730",
    "rating": 5,
    "description": null
  },
  {
    "id": "37239",
    "name": "Queso Mantecoso Runca Envasado Trozo 350 g",
    "brand": "Fundo Runca",
    "category": "quesos-y-fiambres",
    "price": 3890,
    "price_original": 5090,
    "currency": "CLP",
    "size": null,
    "unit_price": null,
    "image_url": "https://jumbocl.vteximg.com.br/arquivos/ids/307340-250-250/Queso-Mantecoso-Fundo-Runca-Trozo-350-g.jpg?v=638776384456230000",
    "productUrl": "https://www.jumbo.cl/queso-mantecoso-fundo-runca-trozo-350-g/p",
    "in_stock": true,
    "promo_text": null,
    "sku": "37239",
    "rating": 5,
    "description": null
  },
  {
    "id": "132536",
    "name": "Tocino Ahumado Llanquihue 150 g",
    "brand": "Llanquihue",
    "category": "quesos-y-fiambres",
    "price": 4750,
    "price_original": null,
    "currency": "CLP",
    "size": null,
    "unit_price": 31667,
    "image_url": "https://jumbocl.vteximg.com.br/arquivos/ids/400060-250-250/Tocino-Ahumado-Llanquihue-150-g.jpg?v=638776899886400000",
    "productUrl": "https://www.jumbo.cl/tocino-ahumado-llanquihue-150-gr-1982568/p",
    "in_stock": true,
    "promo_text": null,
    "sku": "132536",
    "rating": 4,
    "description": null
  },
  {
    "id": "10719",
    "name": "Queso Camembert Quillayes Envasado Trozo 100 g",
    "brand": "Quillayes",
    "category": "quesos-y-fiambres",
    "price": 3650,
    "price_original": null,
    "currency": "CLP",
    "size": null,
    "unit_price": 36500,
    "image_url": "https://jumbocl.vteximg.com.br/arquivos/ids/301976-250-250/Queso-Camembert-Quillayes-100-g.jpg?v=638776375637100000",
    "productUrl": "https://www.jumbo.cl/queso-camembert-quillayes-100-g/p",
    "in_stock": true,
    "promo_text": null,
    "sku": "10719",
    "rating": 4.8,
    "description": null
  },
  {
    "id": "107739",
    "name": "Queso Mozzarella Soprole Envasado Granulado 400 g",
    "brand": "Soprole",
    "category": "quesos-y-fiambres",
    "price": 4290,
    "price_original": 6190,
    "currency": "CLP",
    "size": null,
    "unit_price": 10725,
    "image_url": "https://jumbocl.vteximg.com.br/arquivos/ids/314960-250-250/Queso-Mozzarella-Soprole-Envasado-Granulado-400-g.jpg?v=638776403346930000",
    "productUrl": "https://www.jumbo.cl/queso-mozarella-400-g/p",
    "in_stock": true,
    "promo_text": "Paga $3.890",
    "sku": "107739",
    "rating": 5,
    "description": null
  },
  {
    "id": "11097",
    "name": "Paté de Jamón Receta del Abuelo 125 g",
    "brand": "Receta del Abuelo",
    "category": "quesos-y-fiambres",
    "price": 1050,
    "price_original": null,
    "currency": "CLP",
    "size": null,
    "unit_price": 8400,
    "image_url": "https://jumbocl.vteximg.com.br/arquivos/ids/301955-250-250/Pate-de-Jamon-Receta-del-Abuelo-125-g.jpg?v=638776375617130000",
    "productUrl": "https://www.jumbo.cl/pate-de-jamon-receta-del-abuelo-125-g/p",
    "in_stock": true,
    "promo_text": null,
    "sku": "11097",
    "rating": 5,
    "description": null
  },
  {
    "id": "11149",
    "name": "Salame Artesanal Receta del Abuelo Granel",
    "brand": "Receta del Abuelo",
    "category": "quesos-y-fiambres",
    "price": 1780,
    "price_original": null,
    "currency": "CLP",
    "size": null,
    "unit_price": 17800,
    "image_url": "https://jumbocl.vteximg.com.br/arquivos/ids/350829-250-250/Principal-11353.jpg?v=638776682910870000",
    "productUrl": "https://www.jumbo.cl/salame-artesanal-receta-del-abuelo-granel/p",
    "in_stock": true,
    "promo_text": null,
    "sku": "11149",
    "rating": 3,
    "description": null
  },
  {
    "id": "18658",
    "name": "Paté Sabor Ternera Receta del Abuelo 125 g",
    "brand": "Receta del Abuelo",
    "category": "quesos-y-fiambres",
    "price": 1050,
    "price_original": null,
    "currency": "CLP",
    "size": null,
    "unit_price": 8400,
    "image_url": "https://jumbocl.vteximg.com.br/arquivos/ids/304109-250-250/Pate-sabor-ternera-Receta-del-Abuelo-125-g.jpg?v=638776379011630000",
    "productUrl": "https://www.jumbo.cl/pate-sabor-ternera-receta-del-abuelo-125-g/p",
    "in_stock": true,
    "promo_text": null,
    "sku": "18658",
    "rating": 5,
    "description": null
  },
  {
    "id": "10820",
    "name": "Pata Delantera Batalle Corte Fácil 4.25 kg Aprox",
    "brand": "Batalle",
    "category": "quesos-y-fiambres",
    "price": 99990,
    "price_original": null,
    "currency": "CLP",
    "size": null,
    "unit_price": 23527,
    "image_url": "https://jumbocl.vteximg.com.br/arquivos/ids/301742-250-250/Pata-Delantera-Batalle-Corte-Facil-465-kg-Aprox.jpg?v=638776375303430000",
    "productUrl": "https://www.jumbo.cl/pata-delantera-reserva-batalle-465/p",
    "in_stock": true,
    "promo_text": null,
    "sku": "10820",
    "rating": 3.3,
    "description": null
  },
  {
    "id": "11152",
    "name": "Salame Ahumado San Jorge Granel",
    "brand": "San Jorge",
    "category": "quesos-y-fiambres",
    "price": 1730,
    "price_original": null,
    "currency": "CLP",
    "size": null,
    "unit_price": 17300,
    "image_url": "https://jumbocl.vteximg.com.br/arquivos/ids/350842-250-250/Principal-11354.jpg?v=638776682950830000",
    "productUrl": "https://www.jumbo.cl/salame-ahumado-san-jorge-granel/p",
    "in_stock": true,
    "promo_text": null,
    "sku": "11152",
    "rating": 5,
    "description": null
  },
  {
    "id": "100322",
    "name": "Queso Rodda Soprole Envasado Laminado 500 g",
    "brand": "Soprole",
    "category": "quesos-y-fiambres",
    "price": 5090,
    "price_original": 6790,
    "currency": "CLP",
    "size": null,
    "unit_price": 10180,
    "image_url": "https://jumbocl.vteximg.com.br/arquivos/ids/313380-250-250/Queso-Gauda-Soprole-Envasado-Laminado-500-g.jpg?v=638776399533770000",
    "productUrl": "https://www.jumbo.cl/queso-soprole-rodda-lam-resell-500-gr-1871258/p",
    "in_stock": true,
    "promo_text": null,
    "sku": "100322",
    "rating": 4.6,
    "description": null
  },
  {
    "id": "134503",
    "name": "Mortadela Breslauer Llanquihue 400 g",
    "brand": "Llanquihue",
    "category": "quesos-y-fiambres",
    "price": 4890,
    "price_original": null,
    "currency": "CLP",
    "size": null,
    "unit_price": 12225,
    "image_url": "https://jumbocl.vteximg.com.br/arquivos/ids/403191-250-250/MORTADELA-BRESLAUER-LLANQUIHUE-400GR.jpg?v=638776910359600000",
    "productUrl": "https://www.jumbo.cl/mortadela-breslauer-llanquihue-400gr-1985749/p",
    "in_stock": true,
    "promo_text": null,
    "sku": "134503",
    "rating": null,
    "description": null
  },
  {
    "id": "1513",
    "name": "Aceitunas Verdes Fragata Rellenas de Queso 85 g drenado",
    "brand": "Fragata",
    "category": "quesos-y-fiambres",
    "price": 1043,
    "price_original": 1490,
    "currency": "CLP",
    "size": null,
    "unit_price": 5215,
    "image_url": "https://jumbocl.vteximg.com.br/arquivos/ids/298651-250-250/Aceitunas-verdes-rellenas-de-queso-85-g-drenado.jpg?v=638775754947530000",
    "productUrl": "https://www.jumbo.cl/aceitunas-verdes-fragata-lata-85-g-drenado-200-g-neto-rellenas-con-queso/p",
    "in_stock": true,
    "promo_text": "30% dcto.",
    "sku": "1513",
    "rating": 5,
    "description": null
  },
  {
    "id": "81786",
    "name": "Salame Italiano San Jorge 100 g",
    "brand": "San Jorge",
    "category": "quesos-y-fiambres",
    "price": 1990,
    "price_original": null,
    "currency": "CLP",
    "size": null,
    "unit_price": 19900,
    "image_url": "https://jumbocl.vteximg.com.br/arquivos/ids/311260-250-250/Salame-italiano-100-g.jpg?v=638776393238600000",
    "productUrl": "https://www.jumbo.cl/salame-italiano-sj-100-g/p",
    "in_stock": true,
    "promo_text": null,
    "sku": "81786",
    "rating": null,
    "description": null
  },
  {
    "id": "88125",
    "name": "Queso Azul Los Alpes 100 g",
    "brand": "Los Alpes",
    "category": "quesos-y-fiambres",
    "price": 2890,
    "price_original": 3190,
    "currency": "CLP",
    "size": null,
    "unit_price": 28900,
    "image_url": "https://jumbocl.vteximg.com.br/arquivos/ids/311756-250-250/Queso-Azul-Los-Alpes-100-g.jpg?v=638776394566070000",
    "productUrl": "https://www.jumbo.cl/queso-azul-100-g/p",
    "in_stock": true,
    "promo_text": "Paga $2.490",
    "sku": "88125",
    "rating": 5,
    "description": null
  },
  {
    "id": "3184",
    "name": "Alcaparras Fragata Españolas Frasco 142 g",
    "brand": "Fragata",
    "category": "quesos-y-fiambres",
    "price": 1253,
    "price_original": 1790,
    "currency": "CLP",
    "size": null,
    "unit_price": 8824,
    "image_url": "https://jumbocl.vteximg.com.br/arquivos/ids/299821-250-250/Alcaparras-Frasco-142-g-Espa%C3%B1olas.jpg?v=638776371184930000",
    "productUrl": "https://www.jumbo.cl/alcaparras-fragata-frasco-142-g-espanolas-2/p",
    "in_stock": true,
    "promo_text": "30% dcto.",
    "sku": "3184",
    "rating": 5,
    "description": null
  },
  {
    "id": "144825",
    "name": "Jamón Ibérico 50% Sánchez Alcaraz 100 g",
    "brand": "Sánchez Alcaraz",
    "category": "quesos-y-fiambres",
    "price": 8390,
    "price_original": null,
    "currency": "CLP",
    "size": null,
    "unit_price": 83900,
    "image_url": "https://jumbocl.vteximg.com.br/arquivos/ids/341269-250-250/Jamon-Iberico-50--Sanchez-Alcaraz-100-g.jpg?v=638776441574400000",
    "productUrl": "https://www.jumbo.cl/jamon-iberico-50-sanchez-alcaraz-100g-2011242/p",
    "in_stock": true,
    "promo_text": null,
    "sku": "144825",
    "rating": null,
    "description": null
  },
  {
    "id": "111999",
    "name": "Salchichón Cuisine & Co Laminado 80 g",
    "brand": "Cuisine & Co",
    "category": "quesos-y-fiambres",
    "price": 2790,
    "price_original": null,
    "currency": "CLP",
    "size": null,
    "unit_price": 34875,
    "image_url": "https://jumbocl.vteximg.com.br/arquivos/ids/378999-250-250/Salchichon-laminado-80-g.jpg?v=638776817525730000",
    "productUrl": "https://www.jumbo.cl/salchichon-laminado-80g-c-and-co-1899356/p",
    "in_stock": true,
    "promo_text": null,
    "sku": "111999",
    "rating": null,
    "description": null
  },
  {
    "id": "88246",
    "name": "Paté Teewurst Receta del Abuelo 125 g",
    "brand": "Receta del Abuelo",
    "category": "quesos-y-fiambres",
    "price": 1150,
    "price_original": null,
    "currency": "CLP",
    "size": null,
    "unit_price": 9200,
    "image_url": "https://jumbocl.vteximg.com.br/arquivos/ids/311870-250-250/Pate-teewurst-125-g.jpg?v=638776394858330000",
    "productUrl": "https://www.jumbo.cl/pate-teewurst-125-g/p",
    "in_stock": true,
    "promo_text": null,
    "sku": "88246",
    "rating": null,
    "description": null
  },
  {
    "id": "1516",
    "name": "Aceitunas Verdes Fragata Rellenas de Atún 85 g drenado",
    "brand": "Fragata",
    "category": "quesos-y-fiambres",
    "price": 1043,
    "price_original": 1490,
    "currency": "CLP",
    "size": null,
    "unit_price": 5215,
    "image_url": "https://jumbocl.vteximg.com.br/arquivos/ids/298654-250-250/Aceitunas-verdes-rellenas-de-atun-85-g-drenado.jpg?v=638775754994500000",
    "productUrl": "https://www.jumbo.cl/aceitunas-verdes-fragata-rellenas-de-atun-lata-200-grs/p",
    "in_stock": true,
    "promo_text": "30% dcto.",
    "sku": "1516",
    "rating": 5,
    "description": null
  },
  {
    "id": "24335",
    "name": "Queso Cabra Quillayes Trozo Granel",
    "brand": "Quillayes",
    "category": "quesos-y-fiambres",
    "price": 3299,
    "price_original": null,
    "currency": "CLP",
    "size": null,
    "unit_price": 32990,
    "image_url": "https://jumbocl.vteximg.com.br/arquivos/ids/305132-250-250/Queso-Cabra-Quillayes-Trozo-Granel.jpg?v=638776381268070000",
    "productUrl": "https://www.jumbo.cl/queso-de-cabra-quillayes-granel-2/p",
    "in_stock": true,
    "promo_text": null,
    "sku": "24335",
    "rating": 5,
    "description": null
  },
  {
    "id": "1508",
    "name": "Aceitunas Verdes Fragata Rellenas de Alcaparras 85 g drenado",
    "brand": "Fragata",
    "category": "quesos-y-fiambres",
    "price": 1043,
    "price_original": 1490,
    "currency": "CLP",
    "size": null,
    "unit_price": 5215,
    "image_url": "https://jumbocl.vteximg.com.br/arquivos/ids/298647-250-250/Aceitunas-verdes-rellenas-de-alcaparras-85-g-drenado.jpg?v=638775754900400000",
    "productUrl": "https://www.jumbo.cl/aceitunas-verdes-fragata-lata-200-g-rellenas-con-alcaparras/p",
    "in_stock": true,
    "promo_text": "30% dcto.",
    "sku": "1508",
    "rating": 4,
    "description": null
  },
  {
    "id": "84490",
    "name": "Queso Grana Padano Latteria Soresina Envasado Trozo 125 g",
    "brand": "Latteria Soresina",
    "category": "quesos-y-fiambres",
    "price": 5690,
    "price_original": null,
    "currency": "CLP",
    "size": null,
    "unit_price": 45520,
    "image_url": "https://jumbocl.vteximg.com.br/arquivos/ids/311584-250-250/Queso-Grana-Padano-125-g.jpg?v=638776394146600000",
    "productUrl": "https://www.jumbo.cl/queso-grana-padano-125-g/p",
    "in_stock": true,
    "promo_text": null,
    "sku": "84490",
    "rating": 4.5,
    "description": null
  },
  {
    "id": "65486",
    "name": "Aceituna Verde Oliomio Descarozada 350 g",
    "brand": "Oliomio",
    "category": "quesos-y-fiambres",
    "price": 2750,
    "price_original": null,
    "currency": "CLP",
    "size": null,
    "unit_price": 7857,
    "image_url": "https://jumbocl.vteximg.com.br/arquivos/ids/361489-250-250/Aceituna-verde-Oliomio-descarozada-350-g.jpg?v=638776737546800000",
    "productUrl": "https://www.jumbo.cl/aceit-verde-descarozada-oliomio-350gr/p",
    "in_stock": true,
    "promo_text": null,
    "sku": "65486",
    "rating": 4,
    "description": null
  },
  {
    "id": "140408",
    "name": "Prieta con Arroz Al Vacío 250 g",
    "brand": "Jumbo Artesanal",
    "category": "quesos-y-fiambres",
    "price": 2790,
    "price_original": 3490,
    "currency": "CLP",
    "size": null,
    "unit_price": 11160,
    "image_url": "https://jumbocl.vteximg.com.br/arquivos/ids/333980-250-250/Prieta-Con-Arroz-Al-Vacio-250-g.jpg?v=638776435315100000",
    "productUrl": "https://www.jumbo.cl/prieta-con-arroz-250gr-jumbo-artesanal-2007045/p",
    "in_stock": true,
    "promo_text": null,
    "sku": "140408",
    "rating": null,
    "description": null
  },
  {
    "id": "10770",
    "name": "Queso Ricotta Quillayes Envasado Pote 200 g",
    "brand": "Quillayes",
    "category": "quesos-y-fiambres",
    "price": 3390,
    "price_original": 4150,
    "currency": "CLP",
    "size": null,
    "unit_price": 16950,
    "image_url": "https://jumbocl.vteximg.com.br/arquivos/ids/350688-250-250/Queso-ricotta-200-g.jpg?v=638776682282330000",
    "productUrl": "https://www.jumbo.cl/queso-ricotta-quillayes-200-g/p",
    "in_stock": true,
    "promo_text": null,
    "sku": "10770",
    "rating": null,
    "description": null
  },
  {
    "id": "127352",
    "name": "Longanicilla La Crianza Tradicional 280 g",
    "brand": "La Crianza",
    "category": "quesos-y-fiambres",
    "price": 3390,
    "price_original": null,
    "currency": "CLP",
    "size": null,
    "unit_price": 12107,
    "image_url": "https://jumbocl.vteximg.com.br/arquivos/ids/319307-250-250/Longanicilla-La-Crianza-Tradicional-280-g.jpg?v=638776417226470000",
    "productUrl": "https://www.jumbo.cl/longanicilla-tradicional-la-crianza-280g-1964167/p",
    "in_stock": true,
    "promo_text": "Paga $2.543",
    "sku": "127352",
    "rating": null,
    "description": null
  },
  {
    "id": "11021",
    "name": "Salchichas Múnich Al Vacío 250 g",
    "brand": "Jumbo Artesanal",
    "category": "quesos-y-fiambres",
    "price": 2490,
    "price_original": null,
    "currency": "CLP",
    "size": null,
    "unit_price": 9960,
    "image_url": "https://jumbocl.vteximg.com.br/arquivos/ids/302024-250-250/Salchichas-Munich-Al-Vacio-250-g.jpg?v=638776375707230000",
    "productUrl": "https://www.jumbo.cl/salchichas-munich-jumbo-al-vacio-35/p",
    "in_stock": true,
    "promo_text": "Paga $1.494",
    "sku": "11021",
    "rating": 5,
    "description": null
  },
  {
    "id": "108773",
    "name": "Prieta Schwencke 400 g",
    "brand": "Schwencke",
    "category": "quesos-y-fiambres",
    "price": 4390,
    "price_original": 5290,
    "currency": "CLP",
    "size": null,
    "unit_price": 10975,
    "image_url": "https://jumbocl.vteximg.com.br/arquivos/ids/377032-250-250/Prieta-400-g.jpg?v=638776810120130000",
    "productUrl": "https://www.jumbo.cl/prieta-schwencke-400-grs-1901055/p",
    "in_stock": true,
    "promo_text": "Paga $3.890",
    "sku": "108773",
    "rating": 5,
    "description": null
  },
  {
    "id": "81880",
    "name": "Queso Fresco Light Sin Lactosa 400 g",
    "brand": "Colun",
    "category": "quesos-y-fiambres",
    "price": 2990,
    "price_original": null,
    "currency": "CLP",
    "size": null,
    "unit_price": 7475,
    "image_url": "https://jumbocl.vteximg.com.br/arquivos/ids/311215-250-250/Queso-Fresco-Light-Colun-Envasado-Trozo-400-g.jpg?v=638776393155970000",
    "productUrl": "https://www.jumbo.cl/queso-fresco-light-sin-lactosa-400-g/p",
    "in_stock": true,
    "promo_text": null,
    "sku": "81880",
    "rating": 4.8,
    "description": null
  },
  {
    "id": "11030",
    "name": "Butifarra de Campo La Crianza 285 g",
    "brand": "La Crianza",
    "category": "quesos-y-fiambres",
    "price": 5190,
    "price_original": null,
    "currency": "CLP",
    "size": null,
    "unit_price": 18211,
    "image_url": "https://jumbocl.vteximg.com.br/arquivos/ids/302084-250-250/Butifarra-de-Campo-La-Crianza-285-g.jpg?v=638776375783400000",
    "productUrl": "https://www.jumbo.cl/butifarra-de-campo-la-crianza-285-g/p",
    "in_stock": true,
    "promo_text": "Paga $3.893",
    "sku": "11030",
    "rating": null,
    "description": null
  },
  {
    "id": "24341",
    "name": "Queso Gauda Hierbas Basiron Trozo Granel",
    "brand": "Basiron",
    "category": "quesos-y-fiambres",
    "price": 2599,
    "price_original": null,
    "currency": "CLP",
    "size": null,
    "unit_price": 25990,
    "image_url": "https://jumbocl.vteximg.com.br/arquivos/ids/305274-250-250/Queso-Hierbas-Basiron-Trozo-Granel.jpg?v=638776381435770000",
    "productUrl": "https://www.jumbo.cl/queso-hierbas-basiron-granel/p",
    "in_stock": true,
    "promo_text": null,
    "sku": "24341",
    "rating": 3.8,
    "description": null
  },
  {
    "id": "1507",
    "name": "Aceitunas Verdes Fragata Rellenas de Ajo 85 g drenado",
    "brand": "Fragata",
    "category": "quesos-y-fiambres",
    "price": 1043,
    "price_original": 1490,
    "currency": "CLP",
    "size": null,
    "unit_price": 5215,
    "image_url": "https://jumbocl.vteximg.com.br/arquivos/ids/298646-250-250/Aceitunas-verdes-rellenas-de-ajo-85-g-drenado.jpg?v=638775754888170000",
    "productUrl": "https://www.jumbo.cl/aceitunas-verdes-fragata-lata-200-g-rellenas-con-ajo/p",
    "in_stock": true,
    "promo_text": "30% dcto.",
    "sku": "1507",
    "rating": 5,
    "description": null
  },
  {
    "id": "18711",
    "name": "Salchichas Schwencke 500 g",
    "brand": "Schwencke",
    "category": "quesos-y-fiambres",
    "price": 5990,
    "price_original": null,
    "currency": "CLP",
    "size": null,
    "unit_price": 11980,
    "image_url": "https://jumbocl.vteximg.com.br/arquivos/ids/352960-250-250/1053295.jpg?v=638776695313530000",
    "productUrl": "https://www.jumbo.cl/salchichas-schwencke-10-unid-500-g/p",
    "in_stock": true,
    "promo_text": null,
    "sku": "18711",
    "rating": 5,
    "description": null
  },
  {
    "id": "132685",
    "name": "Queso Crema Milkaut Envasado Pote 285 g",
    "brand": "Milkaut",
    "category": "quesos-y-fiambres",
    "price": 3890,
    "price_original": null,
    "currency": "CLP",
    "size": null,
    "unit_price": 13649,
    "image_url": "https://jumbocl.vteximg.com.br/arquivos/ids/321650-250-250/Queso-Crematto-Milkout-Pote-285-g.jpg?v=638776423824970000",
    "productUrl": "https://www.jumbo.cl/queso-crematto-milkaut-pote-285gr-1982116/p",
    "in_stock": true,
    "promo_text": null,
    "sku": "132685",
    "rating": 5,
    "description": null
  },
  {
    "id": "57270",
    "name": "Queso Cabra San Benito Trozo Granel",
    "brand": "San Benito",
    "category": "quesos-y-fiambres",
    "price": 2590,
    "price_original": null,
    "currency": "CLP",
    "size": null,
    "unit_price": 25900,
    "image_url": "https://jumbocl.vteximg.com.br/arquivos/ids/309123-250-250/Queso-Cabra-San-Benito-Trozo-Granel.jpg?v=638776388288730000",
    "productUrl": "https://www.jumbo.cl/queso-cabra-pieza-san-benito/p",
    "in_stock": true,
    "promo_text": null,
    "sku": "57270",
    "rating": 4.6,
    "description": null
  },
  {
    "id": "37338",
    "name": "Queso Grana Padano Ferrari Envasado Trozo 200 g",
    "brand": "Ferrari",
    "category": "quesos-y-fiambres",
    "price": 9590,
    "price_original": null,
    "currency": "CLP",
    "size": null,
    "unit_price": 47950,
    "image_url": "https://jumbocl.vteximg.com.br/arquivos/ids/356693-250-250/Principal-32226.jpg?v=638776713999670000",
    "productUrl": "https://www.jumbo.cl/queso-grana-padano-ferrari-200-g/p",
    "in_stock": true,
    "promo_text": null,
    "sku": "37338",
    "rating": null,
    "description": null
  },
  {
    "id": "3199",
    "name": "Chucrut Kühne Fasskraut 700 g",
    "brand": "Kühne",
    "category": "quesos-y-fiambres",
    "price": 3490,
    "price_original": null,
    "currency": "CLP",
    "size": null,
    "unit_price": 4986,
    "image_url": "https://jumbocl.vteximg.com.br/arquivos/ids/299869-250-250/Chucrut-Kuhne-Fasskraut-700-g.jpg?v=638776371288330000",
    "productUrl": "https://www.jumbo.cl/chucrut-kuhne-850-g-sauerkraut-2/p",
    "in_stock": true,
    "promo_text": null,
    "sku": "3199",
    "rating": 5,
    "description": null
  },
  {
    "id": "35254",
    "name": "Longaniza Schwencke 500 g",
    "brand": "Schwencke",
    "category": "quesos-y-fiambres",
    "price": 6890,
    "price_original": null,
    "currency": "CLP",
    "size": null,
    "unit_price": 13780,
    "image_url": "https://jumbocl.vteximg.com.br/arquivos/ids/356525-250-250/Longaniza-Schwencke-500-g.jpg?v=638776712962200000",
    "productUrl": "https://www.jumbo.cl/longaniza-schwencke-500-g/p",
    "in_stock": true,
    "promo_text": null,
    "sku": "35254",
    "rating": 5,
    "description": null
  },
  {
    "id": "35255",
    "name": "Chorizo Parrillero Schwencke 1 kg",
    "brand": "Schwencke",
    "category": "quesos-y-fiambres",
    "price": 12990,
    "price_original": null,
    "currency": "CLP",
    "size": null,
    "unit_price": 12990,
    "image_url": "https://jumbocl.vteximg.com.br/arquivos/ids/356531-250-250/1461093.jpg?v=638776712998100000",
    "productUrl": "https://www.jumbo.cl/chorizo-parrillero-schwenck-1-kg/p",
    "in_stock": true,
    "promo_text": null,
    "sku": "35255",
    "rating": 5,
    "description": null
  },
  {
    "id": "119327",
    "name": "Chucrut Fermentado La Fermentista Raíces Nobles 400 g",
    "brand": "La Fermentista",
    "category": "quesos-y-fiambres",
    "price": 7590,
    "price_original": null,
    "currency": "CLP",
    "size": null,
    "unit_price": 18975,
    "image_url": "https://jumbocl.vteximg.com.br/arquivos/ids/384414-250-250/Sauerkraut-Raices-Nobles-390-g.jpg?v=638776839992600000",
    "productUrl": "https://www.jumbo.cl/sauerkraut-raices-n-la-fermentista-390gr-1932703/p",
    "in_stock": true,
    "promo_text": null,
    "sku": "119327",
    "rating": 4.8,
    "description": null
  },
  {
    "id": "42527",
    "name": "Pepinos Dulces By María 430 g",
    "brand": "By María",
    "category": "quesos-y-fiambres",
    "price": 5690,
    "price_original": null,
    "currency": "CLP",
    "size": null,
    "unit_price": 13233,
    "image_url": "https://jumbocl.vteximg.com.br/arquivos/ids/357198-250-250/Principal-38421.jpg?v=638776716450530000",
    "productUrl": "https://www.jumbo.cl/pepinos-dulces-by-maria-430-g/p",
    "in_stock": true,
    "promo_text": null,
    "sku": "42527",
    "rating": null,
    "description": null
  },
  {
    "id": "131298",
    "name": "Queso Brie Quillayes Envasado Trozo 120 g",
    "brand": "Quillayes",
    "category": "quesos-y-fiambres",
    "price": 3490,
    "price_original": 4250,
    "currency": "CLP",
    "size": null,
    "unit_price": 29083,
    "image_url": "https://jumbocl.vteximg.com.br/arquivos/ids/320889-250-250/Queso-Brie-Quillayes-120-g.jpg?v=638776422010670000",
    "productUrl": "https://www.jumbo.cl/queso-quillayes-brie-120-gr-1973024/p",
    "in_stock": true,
    "promo_text": null,
    "sku": "131298",
    "rating": 5,
    "description": null
  },
  {
    "id": "69848",
    "name": "Queso Reggianito Colun Trozo 200 g",
    "brand": "Colun",
    "category": "quesos-y-fiambres",
    "price": 3690,
    "price_original": 4370,
    "currency": "CLP",
    "size": null,
    "unit_price": 18450,
    "image_url": "https://jumbocl.vteximg.com.br/arquivos/ids/309994-250-250/Queso-Reggianito-Colun-Envasado-Trozo-200-g.jpg?v=638776390525400000",
    "productUrl": "https://www.jumbo.cl/queso-colun-reggianito-trozo-200-gr/p",
    "in_stock": true,
    "promo_text": null,
    "sku": "69848",
    "rating": 5,
    "description": null
  },
  {
    "id": "134763",
    "name": "Chorizo Parrillero Schwencke 250 g",
    "brand": "Schwencke",
    "category": "quesos-y-fiambres",
    "price": 3650,
    "price_original": null,
    "currency": "CLP",
    "size": null,
    "unit_price": 14600,
    "image_url": "https://jumbocl.vteximg.com.br/arquivos/ids/322480-250-250/Chorizo-Parrillero-Schwencke-250-g.jpg?v=638776426140570000",
    "productUrl": "https://www.jumbo.cl/chorizo-parrillero-schwencke-250gr-1599053/p",
    "in_stock": true,
    "promo_text": null,
    "sku": "134763",
    "rating": null,
    "description": null
  },
  {
    "id": "127730",
    "name": "Chorizo Tipo Argentino Al Vacío 500 g",
    "brand": "Jumbo Artesanal",
    "category": "quesos-y-fiambres",
    "price": 6890,
    "price_original": null,
    "currency": "CLP",
    "size": null,
    "unit_price": 13780,
    "image_url": "https://jumbocl.vteximg.com.br/arquivos/ids/520367-250-250/Chorizo-Tipo-Argentino-Al-Vacio-500-g.jpg?v=638953642426300000",
    "productUrl": "https://www.jumbo.cl/chorizo-argentino-500-jumbo-artesanal-1959317/p",
    "in_stock": true,
    "promo_text": null,
    "sku": "127730",
    "rating": 5,
    "description": null
  },
  {
    "id": "1511",
    "name": "Aceitunas Verdes Fragata Rellenas de Ají Jalapeño 85 g drenado",
    "brand": "Fragata",
    "category": "quesos-y-fiambres",
    "price": 1043,
    "price_original": 1490,
    "currency": "CLP",
    "size": null,
    "unit_price": 5215,
    "image_url": "https://jumbocl.vteximg.com.br/arquivos/ids/298650-250-250/Aceitunas-Verdes-Fragata-Rellenas-de-Aji-Jalape%C3%B1o-85-g-drenado.jpg?v=638775754930000000",
    "productUrl": "https://www.jumbo.cl/aceitunas-verdes-fragata-lata-85-g-drenado-200-g-neto-rellenas-con-aji-jalapeno/p",
    "in_stock": true,
    "promo_text": "30% dcto.",
    "sku": "1511",
    "rating": 5,
    "description": null
  },
  {
    "id": "105903",
    "name": "Queso Mantecoso Quilque Envasado Granulado 400 g",
    "brand": "Soprole",
    "category": "quesos-y-fiambres",
    "price": 3890,
    "price_original": 5590,
    "currency": "CLP",
    "size": null,
    "unit_price": 9725,
    "image_url": "https://jumbocl.vteximg.com.br/arquivos/ids/314688-250-250/Queso-Mantecoso-Soprole-Envasado-Granulado-400-g.jpg?v=638776402527970000",
    "productUrl": "https://www.jumbo.cl/queso-quilque-hebras-400-g-1899543/p",
    "in_stock": true,
    "promo_text": null,
    "sku": "105903",
    "rating": 4.5,
    "description": null
  },
  {
    "id": "83488",
    "name": "Queso Mozzarella Margherita Envasado Trozo 240 g",
    "brand": "Margherita",
    "category": "quesos-y-fiambres",
    "price": 5490,
    "price_original": null,
    "currency": "CLP",
    "size": null,
    "unit_price": 22875,
    "image_url": "https://jumbocl.vteximg.com.br/arquivos/ids/365299-250-250/Queso-mozzarella-bocconcini-240-g.jpg?v=638776758185100000",
    "productUrl": "https://www.jumbo.cl/queso-mozzarella-bocconcini-240-g/p",
    "in_stock": true,
    "promo_text": null,
    "sku": "83488",
    "rating": 5,
    "description": null
  },
  {
    "id": "18697",
    "name": "Salchichas Villa Baviera 200 g",
    "brand": "Villa Baviera",
    "category": "quesos-y-fiambres",
    "price": 2190,
    "price_original": null,
    "currency": "CLP",
    "size": null,
    "unit_price": 10950,
    "image_url": "https://jumbocl.vteximg.com.br/arquivos/ids/352948-250-250/976470.jpg?v=638776695209600000",
    "productUrl": "https://www.jumbo.cl/salchichas-villa-baviera-200-g/p",
    "in_stock": true,
    "promo_text": null,
    "sku": "18697",
    "rating": null,
    "description": null
  },
  {
    "id": "156753",
    "name": "Tabla Queso Santa Rosa Celebración 460 g",
    "brand": "Santa Rosa",
    "category": "quesos-y-fiambres",
    "price": 8552,
    "price_original": 10690,
    "currency": "CLP",
    "size": null,
    "unit_price": 18591,
    "image_url": "https://jumbocl.vteximg.com.br/arquivos/ids/511388-250-250/TABLA-CELEBRACION-SANTA-ROSA-460G.jpg?v=638942451606330000",
    "productUrl": "https://www.jumbo.cl/tabla-celebracion-santa-rosa-460g-2050106/p",
    "in_stock": true,
    "promo_text": "20% dcto.",
    "sku": "156753",
    "rating": null,
    "description": null
  },
  {
    "id": "10699",
    "name": "Queso Camembert Los Tilos Envasado Trozo 100 g",
    "brand": "Los Tilos",
    "category": "quesos-y-fiambres",
    "price": 3670,
    "price_original": null,
    "currency": "CLP",
    "size": null,
    "unit_price": 36700,
    "image_url": "https://jumbocl.vteximg.com.br/arquivos/ids/301780-250-250/Queso-Camembert-Los-Tilos-Envasado-Trozo-100-g.jpg?v=638776375362070000",
    "productUrl": "https://www.jumbo.cl/queso-camembert-los-tilos-100-g/p",
    "in_stock": true,
    "promo_text": null,
    "sku": "10699",
    "rating": 5,
    "description": null
  },
  {
    "id": "88101",
    "name": "Chucrut Fermentado La Fermentista Verdes Vivos 680 g",
    "brand": "La Fermentista",
    "category": "quesos-y-fiambres",
    "price": 11790,
    "price_original": null,
    "currency": "CLP",
    "size": null,
    "unit_price": 17338,
    "image_url": "https://jumbocl.vteximg.com.br/arquivos/ids/366273-250-250/Chucrut-fermentado-Verdes-Vivos-680-g.jpg?v=638776762775100000",
    "productUrl": "https://www.jumbo.cl/chucrut-verdes-vivos-granel/p",
    "in_stock": true,
    "promo_text": null,
    "sku": "88101",
    "rating": 5,
    "description": null
  },
  {
    "id": "65484",
    "name": "Aceitunas Rellenas Oliomio Almendra/Pimentón 300 g",
    "brand": "Oliomio",
    "category": "quesos-y-fiambres",
    "price": 2750,
    "price_original": null,
    "currency": "CLP",
    "size": null,
    "unit_price": 9167,
    "image_url": "https://jumbocl.vteximg.com.br/arquivos/ids/361486-250-250/Aceitunas-rellenas-Oliomio-almendra-pimenton-300-g-1-482587.jpg?v=638776737528900000",
    "productUrl": "https://www.jumbo.cl/aceit-rell-almend-pimen-oliomio-300gr/p",
    "in_stock": true,
    "promo_text": null,
    "sku": "65484",
    "rating": null,
    "description": null
  },
  {
    "id": "42528",
    "name": "Pepinos Picantes By María 430 g",
    "brand": "By María",
    "category": "quesos-y-fiambres",
    "price": 5490,
    "price_original": null,
    "currency": "CLP",
    "size": null,
    "unit_price": 12767,
    "image_url": "https://jumbocl.vteximg.com.br/arquivos/ids/357200-250-250/Principal-38422.jpg?v=638776716452400000",
    "productUrl": "https://www.jumbo.cl/pepinos-picantes-by-maria-430-g/p",
    "in_stock": true,
    "promo_text": null,
    "sku": "42528",
    "rating": null,
    "description": null
  },
  {
    "id": "10680",
    "name": "Queso Azul Ile de France Envasado Trozo 125 g",
    "brand": "Ile De France",
    "category": "quesos-y-fiambres",
    "price": 6450,
    "price_original": null,
    "currency": "CLP",
    "size": null,
    "unit_price": 51600,
    "image_url": "https://jumbocl.vteximg.com.br/arquivos/ids/350654-250-250/Principal-2715.jpg?v=638776682157600000",
    "productUrl": "https://www.jumbo.cl/queso-blue-brie-ile-de-france-125-g/p",
    "in_stock": true,
    "promo_text": null,
    "sku": "10680",
    "rating": null,
    "description": null
  },
  {
    "id": "37337",
    "name": "Queso Parmesano Ferrari Envasado Trozo 200 g",
    "brand": "Ferrari",
    "category": "quesos-y-fiambres",
    "price": 10590,
    "price_original": null,
    "currency": "CLP",
    "size": null,
    "unit_price": 52950,
    "image_url": "https://jumbocl.vteximg.com.br/arquivos/ids/356688-250-250/Principal-32225.jpg?v=638776713971500000",
    "productUrl": "https://www.jumbo.cl/queso-parmigiano-reggiano-ferrari-200-g/p",
    "in_stock": true,
    "promo_text": null,
    "sku": "37337",
    "rating": 5,
    "description": null
  },
  {
    "id": "24342",
    "name": "Queso Gauda Nuez Basiron Trozo Granel",
    "brand": "Basiron",
    "category": "quesos-y-fiambres",
    "price": 2999,
    "price_original": null,
    "currency": "CLP",
    "size": null,
    "unit_price": 29990,
    "image_url": "https://jumbocl.vteximg.com.br/arquivos/ids/304943-250-250/Queso-Nuez-Basiron-Trozo-Granel.jpg?v=638776380902830000",
    "productUrl": "https://www.jumbo.cl/queso-nuez-basiron-granel/p",
    "in_stock": true,
    "promo_text": null,
    "sku": "24342",
    "rating": 5,
    "description": null
  },
  {
    "id": "65520",
    "name": "Vienna Natural Al Vacío 250 g",
    "brand": "Jumbo Artesanal",
    "category": "quesos-y-fiambres",
    "price": 3289,
    "price_original": null,
    "currency": "CLP",
    "size": null,
    "unit_price": 13156,
    "image_url": "https://jumbocl.vteximg.com.br/arquivos/ids/309834-250-250/Vienna-Natural-Al-Vacio-250-g.jpg?v=638776389990200000",
    "productUrl": "https://www.jumbo.cl/wieners-natural-jumbo-artesanal-250gr/p",
    "in_stock": true,
    "promo_text": "Paga $1.973",
    "sku": "65520",
    "rating": 4,
    "description": null
  },
  {
    "id": "11197",
    "name": "Salchicha Tradicional Montina 1 kg",
    "brand": "Montina",
    "category": "quesos-y-fiambres",
    "price": 3990,
    "price_original": 4850,
    "currency": "CLP",
    "size": null,
    "unit_price": 3990,
    "image_url": "https://jumbocl.vteximg.com.br/arquivos/ids/523570-250-250/Salchicha-Montina-1-kg-20-un.jpg?v=638959916259200000",
    "productUrl": "https://www.jumbo.cl/salchichas-montina-1-kg-2/p",
    "in_stock": true,
    "promo_text": null,
    "sku": "11197",
    "rating": 5,
    "description": null
  },
  {
    "id": "18704",
    "name": "Chorizo Parrillero Schwencke 500 g",
    "brand": "Schwencke",
    "category": "quesos-y-fiambres",
    "price": 6990,
    "price_original": null,
    "currency": "CLP",
    "size": null,
    "unit_price": 13980,
    "image_url": "https://jumbocl.vteximg.com.br/arquivos/ids/352961-250-250/Chorizo-parrillero-Schwencke-500-g.jpg?v=638776695314000000",
    "productUrl": "https://www.jumbo.cl/chorizo-parrillero-schwencke-500-g/p",
    "in_stock": true,
    "promo_text": null,
    "sku": "18704",
    "rating": 5,
    "description": null
  },
  {
    "id": "10684",
    "name": "Queso Camembert Ile de France Envasado Trozo 125 g",
    "brand": "Ile De France",
    "category": "quesos-y-fiambres",
    "price": 6290,
    "price_original": null,
    "currency": "CLP",
    "size": null,
    "unit_price": 50320,
    "image_url": "https://jumbocl.vteximg.com.br/arquivos/ids/350647-250-250/Queso-petit-camembert-125-g.jpg?v=638776682126270000",
    "productUrl": "https://www.jumbo.cl/queso-petit-camembert-ile-de-france-125-g/p",
    "in_stock": true,
    "promo_text": null,
    "sku": "10684",
    "rating": 5,
    "description": null
  },
  {
    "id": "81932",
    "name": "Tabla de Queso Santa Rosa Envasado Trozo 470 g",
    "brand": "Santa Rosa",
    "category": "quesos-y-fiambres",
    "price": 11672,
    "price_original": 14590,
    "currency": "CLP",
    "size": null,
    "unit_price": 24834,
    "image_url": "https://jumbocl.vteximg.com.br/arquivos/ids/364816-250-250/Tabla-tradicion-470-g-1-71848728.jpg?v=638776755816870000",
    "productUrl": "https://www.jumbo.cl/tabla-tradicion-santa-rosa-470g/p",
    "in_stock": true,
    "promo_text": "20% dcto.",
    "sku": "81932",
    "rating": 5,
    "description": null
  },
  {
    "id": "138183",
    "name": "Chorizo Parrillero La Crianza 400 g",
    "brand": "La Crianza",
    "category": "quesos-y-fiambres",
    "price": 3590,
    "price_original": 4490,
    "currency": "CLP",
    "size": null,
    "unit_price": 11967,
    "image_url": "https://jumbocl.vteximg.com.br/arquivos/ids/329431-250-250/Chorizo-Parrillero-La-Crianza-400-g.jpg?v=638776431734370000",
    "productUrl": "https://www.jumbo.cl/chorizo-parrillero-la-crianza-400g-1998694/p",
    "in_stock": true,
    "promo_text": "Paga $3.368",
    "sku": "138183",
    "rating": null,
    "description": null
  },
  {
    "id": "92826",
    "name": "Chucrut Fermentado La Fermentista Clásico Púrpura 680 g",
    "brand": "La Fermentista",
    "category": "quesos-y-fiambres",
    "price": 11790,
    "price_original": null,
    "currency": "CLP",
    "size": null,
    "unit_price": 17338,
    "image_url": "https://jumbocl.vteximg.com.br/arquivos/ids/367851-250-250/Chucrut-fermentado-Clasico-Purpura-680-g.jpg?v=638776769805100000",
    "productUrl": "https://www.jumbo.cl/clasico-purpura/p",
    "in_stock": true,
    "promo_text": null,
    "sku": "92826",
    "rating": 5,
    "description": null
  },
  {
    "id": "24339",
    "name": "Queso Gauda Samba Basiron Trozo Granel",
    "brand": "Basiron",
    "category": "quesos-y-fiambres",
    "price": 2499,
    "price_original": null,
    "currency": "CLP",
    "size": null,
    "unit_price": 24990,
    "image_url": "https://jumbocl.vteximg.com.br/arquivos/ids/305234-250-250/Queso-Samba-Basiron-Granel.jpg?v=638776381400400000",
    "productUrl": "https://www.jumbo.cl/queso-samba-basiron-granel/p",
    "in_stock": true,
    "promo_text": null,
    "sku": "24339",
    "rating": 4.4,
    "description": null
  },
  {
    "id": "255",
    "name": "Chistorra Alejandro 250 g",
    "brand": "Alejandro",
    "category": "quesos-y-fiambres",
    "price": 4350,
    "price_original": null,
    "currency": "CLP",
    "size": null,
    "unit_price": 17400,
    "image_url": "https://jumbocl.vteximg.com.br/arquivos/ids/297782-250-250/1366050.jpg?v=638775743327470000",
    "productUrl": "https://www.jumbo.cl/chistorra-alejandro-250-g/p",
    "in_stock": true,
    "promo_text": null,
    "sku": "255",
    "rating": 5,
    "description": null
  },
  {
    "id": "11117",
    "name": "Queso Parmesano Quillayes Envasado Rallado 100 g",
    "brand": "Quillayes",
    "category": "quesos-y-fiambres",
    "price": 2490,
    "price_original": 3150,
    "currency": "CLP",
    "size": null,
    "unit_price": 24900,
    "image_url": "https://jumbocl.vteximg.com.br/arquivos/ids/301830-250-250/Queso-Rallado-Quillayes-Seleccion-Parmesano-100-g.jpg?v=638776375430370000",
    "productUrl": "https://www.jumbo.cl/queso-rallado-quillayes-seleccion-parmesano-sobre-100-g-2/p",
    "in_stock": true,
    "promo_text": null,
    "sku": "11117",
    "rating": 2.5,
    "description": null
  },
  {
    "id": "10773",
    "name": "Queso Chacra San Benito Envasado Trozo 450 g",
    "brand": "San Benito",
    "category": "quesos-y-fiambres",
    "price": 3990,
    "price_original": null,
    "currency": "CLP",
    "size": null,
    "unit_price": 8867,
    "image_url": "https://jumbocl.vteximg.com.br/arquivos/ids/350697-250-250/1476550.jpg?v=638776682310570000",
    "productUrl": "https://www.jumbo.cl/queso-chacra-san-benito-450-g/p",
    "in_stock": true,
    "promo_text": null,
    "sku": "10773",
    "rating": 5,
    "description": null
  },
  {
    "id": "24377",
    "name": "Queso Gauda Intenso Montana Trozo Granel",
    "brand": "Montana",
    "category": "quesos-y-fiambres",
    "price": 3999,
    "price_original": null,
    "currency": "CLP",
    "size": null,
    "unit_price": 39990,
    "image_url": "https://jumbocl.vteximg.com.br/arquivos/ids/305000-250-250/Queso-Intenso-Montana-Trozo-Granel.jpg?v=638776381019330000",
    "productUrl": "https://www.jumbo.cl/queso-maduro-de-vaca-montana-granel/p",
    "in_stock": true,
    "promo_text": null,
    "sku": "24377",
    "rating": 4.8,
    "description": null
  },
  {
    "id": "11035",
    "name": "Longanicilla de Campo La Crianza 280 g",
    "brand": "La Crianza",
    "category": "quesos-y-fiambres",
    "price": 3390,
    "price_original": null,
    "currency": "CLP",
    "size": null,
    "unit_price": 12107,
    "image_url": "https://jumbocl.vteximg.com.br/arquivos/ids/302168-250-250/Longanicilla-de-Campo-La-Crianza-280-g.jpg?v=638776375858230000",
    "productUrl": "https://www.jumbo.cl/longanicilla-de-campo-la-crianza-28/p",
    "in_stock": true,
    "promo_text": "Paga $2.543",
    "sku": "11035",
    "rating": null,
    "description": null
  },
  {
    "id": "86600",
    "name": "Queso Parmesano Quillayes Trozo Granel",
    "brand": "Quillayes",
    "category": "quesos-y-fiambres",
    "price": 2580,
    "price_original": null,
    "currency": "CLP",
    "size": null,
    "unit_price": 25800,
    "image_url": "https://jumbocl.vteximg.com.br/arquivos/ids/365810-250-250/Queso-parmesano-trozo-granel.jpg?v=638776760623070000",
    "productUrl": "https://www.jumbo.cl/queso-quillayes-parmesano-kg/p",
    "in_stock": true,
    "promo_text": null,
    "sku": "86600",
    "rating": 5,
    "description": null
  },
  {
    "id": "11001",
    "name": "Longaniza Parrillera Chillán Al Vacío 500 g",
    "brand": "Chillán",
    "category": "quesos-y-fiambres",
    "price": 6490,
    "price_original": null,
    "currency": "CLP",
    "size": null,
    "unit_price": 12980,
    "image_url": "https://jumbocl.vteximg.com.br/arquivos/ids/350782-250-250/996707.jpg?v=638776682655600000",
    "productUrl": "https://www.jumbo.cl/longaniza-ahumada-parrillera-chillan-500-g/p",
    "in_stock": true,
    "promo_text": null,
    "sku": "11001",
    "rating": null,
    "description": null
  },
  {
    "id": "24498",
    "name": "Tabla de Queso Santa Rosa Envasado Trozo 500 g",
    "brand": "Santa Rosa",
    "category": "quesos-y-fiambres",
    "price": 12472,
    "price_original": 15590,
    "currency": "CLP",
    "size": null,
    "unit_price": 24944,
    "image_url": "https://jumbocl.vteximg.com.br/arquivos/ids/355033-250-250/Principal-23188.jpg?v=638776704964330000",
    "productUrl": "https://www.jumbo.cl/tabla-de-quesos-tierras-de-chile-santa-rosa-500-g-campestre/p",
    "in_stock": true,
    "promo_text": "20% dcto.",
    "sku": "24498",
    "rating": 5,
    "description": null
  },
  {
    "id": "144974",
    "name": "Salchicha Sureña La Preferida Reducción de Sodio 500 g",
    "brand": "La Preferida",
    "category": "quesos-y-fiambres",
    "price": 3990,
    "price_original": 4690,
    "currency": "CLP",
    "size": null,
    "unit_price": 7980,
    "image_url": "https://jumbocl.vteximg.com.br/arquivos/ids/341887-250-250/Salchicha-Sure%C3%B1a-La-Preferida-Reduccion-de-Sodio-500-g.jpg?v=638776442054830000",
    "productUrl": "https://www.jumbo.cl/salchicha-surena-la-pref-red-sodio-500gr-2020081/p",
    "in_stock": true,
    "promo_text": null,
    "sku": "144974",
    "rating": null,
    "description": null
  },
  {
    "id": "88100",
    "name": "Chucrut Fermentado La Fermentista Raíces Nobles 680 g",
    "brand": "La Fermentista",
    "category": "quesos-y-fiambres",
    "price": 11790,
    "price_original": null,
    "currency": "CLP",
    "size": null,
    "unit_price": 17338,
    "image_url": "https://jumbocl.vteximg.com.br/arquivos/ids/366271-250-250/Chucrut-fermentado-Raices-Nobles-680-g.jpg?v=638776762771470000",
    "productUrl": "https://www.jumbo.cl/chucrut-raices-nobles-granel/p",
    "in_stock": true,
    "promo_text": null,
    "sku": "88100",
    "rating": 5,
    "description": null
  },
  {
    "id": "138189",
    "name": "Chorizo de Campo La Crianza 400 g",
    "brand": "La Crianza",
    "category": "quesos-y-fiambres",
    "price": 3590,
    "price_original": 4490,
    "currency": "CLP",
    "size": null,
    "unit_price": 8975,
    "image_url": "https://jumbocl.vteximg.com.br/arquivos/ids/328791-250-250/Chorizo-de-Campo-La-Crianza-400-g.jpg?v=638776431278730000",
    "productUrl": "https://www.jumbo.cl/chorizo-campo-la-crianza-400g-1998707/p",
    "in_stock": true,
    "promo_text": "Paga $3.368",
    "sku": "138189",
    "rating": null,
    "description": null
  },
  {
    "id": "119349",
    "name": "Kimchi Fermentado La Fermentista 400 g",
    "brand": "La Fermentista",
    "category": "quesos-y-fiambres",
    "price": 8890,
    "price_original": null,
    "currency": "CLP",
    "size": null,
    "unit_price": 22225,
    "image_url": "https://jumbocl.vteximg.com.br/arquivos/ids/384423-250-250/Kimchi-400-g.jpg?v=638776840033400000",
    "productUrl": "https://www.jumbo.cl/kimchi-la-fermentista-400gr-1932704/p",
    "in_stock": true,
    "promo_text": null,
    "sku": "119349",
    "rating": 4.7,
    "description": null
  },
  {
    "id": "138059",
    "name": "Aceituna Verde Nucete Relleno Pimentón 120 g",
    "brand": "Nucete",
    "category": "quesos-y-fiambres",
    "price": 1850,
    "price_original": null,
    "currency": "CLP",
    "size": null,
    "unit_price": 12042,
    "image_url": "https://jumbocl.vteximg.com.br/arquivos/ids/329189-250-250/ACEITUNA-VERDE-NUCETE-DP-PIMIENTO-120G.jpg?v=638776431573700000",
    "productUrl": "https://www.jumbo.cl/aceituna-verde-nucete-dp-pimiento-120g-1997770/p",
    "in_stock": true,
    "promo_text": "Lleva 2 por $2.890",
    "sku": "138059",
    "rating": null,
    "description": null
  },
  {
    "id": "11002",
    "name": "Longaniza Ahumada Chillán Tradicional 500 g",
    "brand": "Chillán",
    "category": "quesos-y-fiambres",
    "price": 6490,
    "price_original": null,
    "currency": "CLP",
    "size": null,
    "unit_price": 12980,
    "image_url": "https://jumbocl.vteximg.com.br/arquivos/ids/350781-250-250/996706.jpg?v=638776682654970000",
    "productUrl": "https://www.jumbo.cl/longaniza-ahumada-tradicional-chillan-500-g/p",
    "in_stock": true,
    "promo_text": null,
    "sku": "11002",
    "rating": 5,
    "description": null
  },
  {
    "id": "84491",
    "name": "Queso Grana Padano Latteria Soresina Envasado Trozo 200 g",
    "brand": "Latteria Soresina",
    "category": "quesos-y-fiambres",
    "price": 8290,
    "price_original": null,
    "currency": "CLP",
    "size": null,
    "unit_price": 41450,
    "image_url": "https://jumbocl.vteximg.com.br/arquivos/ids/311600-250-250/Queso-Grana-Padano-Latteria-Soresina-200-g.jpg?v=638776394178170000",
    "productUrl": "https://www.jumbo.cl/queso-grana-padano-200-g/p",
    "in_stock": true,
    "promo_text": null,
    "sku": "84491",
    "rating": 4.7,
    "description": null
  },
  {
    "id": "39856",
    "name": "Queso Ahumado El Roble Envasado Trozo 140 g",
    "brand": "El Roble",
    "category": "quesos-y-fiambres",
    "price": 3390,
    "price_original": null,
    "currency": "CLP",
    "size": null,
    "unit_price": 24214,
    "image_url": "https://jumbocl.vteximg.com.br/arquivos/ids/307371-250-250/Queso-Ahumado-El-Roble-Envasado-Trozo-140-g.jpg?v=638776384536270000",
    "productUrl": "https://www.jumbo.cl/queso-ahumado-el-roble-140-g/p",
    "in_stock": true,
    "promo_text": null,
    "sku": "39856",
    "rating": null,
    "description": null
  },
  {
    "id": "98953",
    "name": "Longanicilla de Campo Receta del Abuelo 280 g",
    "brand": "Receta del Abuelo",
    "category": "quesos-y-fiambres",
    "price": 3390,
    "price_original": null,
    "currency": "CLP",
    "size": null,
    "unit_price": 12107,
    "image_url": "https://jumbocl.vteximg.com.br/arquivos/ids/313216-250-250/Longanicilla-de-Campo-Receta-del-Abuelo-280-g.jpg?v=638776399037570000",
    "productUrl": "https://www.jumbo.cl/longanicilla-de-campo-280gr-rda-1871192/p",
    "in_stock": true,
    "promo_text": null,
    "sku": "98953",
    "rating": null,
    "description": null
  },
  {
    "id": "45772",
    "name": "Queso Quattrocento Granarolo Envasado Trozo 150 g",
    "brand": "Granarolo",
    "category": "quesos-y-fiambres",
    "price": 4890,
    "price_original": null,
    "currency": "CLP",
    "size": null,
    "unit_price": 32600,
    "image_url": "https://jumbocl.vteximg.com.br/arquivos/ids/307919-250-250/Queso-Quattrocento-Granarolo-150-g.jpg?v=638776385633370000",
    "productUrl": "https://www.jumbo.cl/queso-granarolo-quattrocento-libre-de-gluten-y-lactosa-150-g/p",
    "in_stock": true,
    "promo_text": null,
    "sku": "45772",
    "rating": 5,
    "description": null
  },
  {
    "id": "14580",
    "name": "Cebollitas Perla Fragata 345 g",
    "brand": "Fragata",
    "category": "quesos-y-fiambres",
    "price": 1533,
    "price_original": 2190,
    "currency": "CLP",
    "size": null,
    "unit_price": 4443,
    "image_url": "https://jumbocl.vteximg.com.br/arquivos/ids/303432-250-250/Cebollitas-perla-Fragata-345-g.jpg?v=638776377311200000",
    "productUrl": "https://www.jumbo.cl/cebollitas-perla-fragata-345-g/p",
    "in_stock": true,
    "promo_text": "30% dcto.",
    "sku": "14580",
    "rating": 5,
    "description": null
  },
  {
    "id": "147143",
    "name": "Queso Gouda Surlat Sin Lactosa Laminado 200 g",
    "brand": "Surlat",
    "category": "quesos-y-fiambres",
    "price": 3550,
    "price_original": null,
    "currency": "CLP",
    "size": null,
    "unit_price": 17750,
    "image_url": "https://jumbocl.vteximg.com.br/arquivos/ids/346334-250-250/Queso-Gouda-Surlat-Sin-Lactosa-Laminado-200-g.jpg?v=638776445756700000",
    "productUrl": "https://www.jumbo.cl/queso-gouda-laminado-surlat-sl-200g-2026940/p",
    "in_stock": true,
    "promo_text": null,
    "sku": "147143",
    "rating": null,
    "description": null
  },
  {
    "id": "10898",
    "name": "Jamón Colonial San Jorge Granel",
    "brand": "San Jorge",
    "category": "quesos-y-fiambres",
    "price": 996,
    "price_original": 1196,
    "currency": "CLP",
    "size": null,
    "unit_price": 9960,
    "image_url": "https://jumbocl.vteximg.com.br/arquivos/ids/350745-250-250/Jamon-Colonial-San-Jorge-Granel.jpg?v=638776682533470000",
    "productUrl": "https://www.jumbo.cl/jamon-colonial-san-jorge-granel/p",
    "in_stock": true,
    "promo_text": null,
    "sku": "10898",
    "rating": 5,
    "description": null
  },
  {
    "id": "10837",
    "name": "Pastrami Granel 100 g",
    "brand": "Jumbo Artesanal",
    "category": "quesos-y-fiambres",
    "price": 2596,
    "price_original": null,
    "currency": "CLP",
    "size": null,
    "unit_price": 25960,
    "image_url": "https://jumbocl.vteximg.com.br/arquivos/ids/302017-250-250/Pastrami-Granel-100-g.jpg?v=638776375693930000",
    "productUrl": "https://www.jumbo.cl/pastrami-jumbo-meson/p",
    "in_stock": true,
    "promo_text": null,
    "sku": "10837",
    "rating": 5,
    "description": null
  },
  {
    "id": "10831",
    "name": "Jamón Pierna Acaramelado Al Vacío 250 g",
    "brand": "Jumbo Artesanal",
    "category": "quesos-y-fiambres",
    "price": 3990,
    "price_original": null,
    "currency": "CLP",
    "size": null,
    "unit_price": 15960,
    "image_url": "https://jumbocl.vteximg.com.br/arquivos/ids/301878-250-250/Jamon-Pierna-Acaramelado-Al-Vacio-250-g.jpg?v=638776375491570000",
    "productUrl": "https://www.jumbo.cl/jamon-pierna-acaramelado-jumbo-250/p",
    "in_stock": true,
    "promo_text": null,
    "sku": "10831",
    "rating": 5,
    "description": null
  },
  {
    "id": "10879",
    "name": "Jamón Artesanal PF Granel",
    "brand": "PF",
    "category": "quesos-y-fiambres",
    "price": 900,
    "price_original": null,
    "currency": "CLP",
    "size": null,
    "unit_price": 9000,
    "image_url": "https://jumbocl.vteximg.com.br/arquivos/ids/350726-250-250/Jamon-Pierna-Artesanal-PF-Granel.jpg?v=638776682421630000",
    "productUrl": "https://www.jumbo.cl/jamon-pierna-artesanal-pf-granel/p",
    "in_stock": true,
    "promo_text": null,
    "sku": "10879",
    "rating": 4,
    "description": null
  },
  {
    "id": "87473",
    "name": "Pastrami Al Vacío 200 g",
    "brand": "Jumbo Artesanal",
    "category": "quesos-y-fiambres",
    "price": 5192,
    "price_original": null,
    "currency": "CLP",
    "size": null,
    "unit_price": 25960,
    "image_url": "https://jumbocl.vteximg.com.br/arquivos/ids/311817-250-250/Pastrami-Al-Vacio-200-g.jpg?v=638776394720230000",
    "productUrl": "https://www.jumbo.cl/pastrami-jumbo-vacio-kg/p",
    "in_stock": true,
    "promo_text": null,
    "sku": "87473",
    "rating": 4.3,
    "description": null
  },
  {
    "id": "10833",
    "name": "Jamón Planchado Al Vacío 250 g",
    "brand": "Jumbo Artesanal",
    "category": "quesos-y-fiambres",
    "price": 3990,
    "price_original": null,
    "currency": "CLP",
    "size": null,
    "unit_price": 15960,
    "image_url": "https://jumbocl.vteximg.com.br/arquivos/ids/301921-250-250/Jamon-Planchado-Al-Vacio-250-g.jpg?v=638776375559970000",
    "productUrl": "https://www.jumbo.cl/jamon-planchado-jumbo-350-g-aprox-a/p",
    "in_stock": true,
    "promo_text": null,
    "sku": "10833",
    "rating": 5,
    "description": null
  },
  {
    "id": "10835",
    "name": "Jamón Tradición Al Vacío 250 g",
    "brand": "Jumbo Artesanal",
    "category": "quesos-y-fiambres",
    "price": 3990,
    "price_original": null,
    "currency": "CLP",
    "size": null,
    "unit_price": 15960,
    "image_url": "https://jumbocl.vteximg.com.br/arquivos/ids/301966-250-250/Jamon-Tradicion-Al-Vacio-250-g.jpg?v=638776375627800000",
    "productUrl": "https://www.jumbo.cl/jamon-tradicion-jumbo-250-g-aprox-a/p",
    "in_stock": true,
    "promo_text": null,
    "sku": "10835",
    "rating": 5,
    "description": null
  },
  {
    "id": "10920",
    "name": "Jamón Acaramelado Super Cerdo Granel",
    "brand": "Super Cerdo",
    "category": "quesos-y-fiambres",
    "price": 956,
    "price_original": null,
    "currency": "CLP",
    "size": null,
    "unit_price": 9560,
    "image_url": "https://jumbocl.vteximg.com.br/arquivos/ids/302069-250-250/Jamon-Acaramelado-Super-Cerdo-Granel.jpg?v=638776375768200000",
    "productUrl": "https://www.jumbo.cl/jamon-acaramelado-super-cerdo-grane-2/p",
    "in_stock": true,
    "promo_text": null,
    "sku": "10920",
    "rating": null,
    "description": null
  },
  {
    "id": "120819",
    "name": "Jamón Acaramelado Super Cerdo 150 g",
    "brand": "Super Cerdo",
    "category": "quesos-y-fiambres",
    "price": 2190,
    "price_original": null,
    "currency": "CLP",
    "size": null,
    "unit_price": 14600,
    "image_url": "https://jumbocl.vteximg.com.br/arquivos/ids/317315-250-250/Jamon-Acaramelado-Super-Cerdo-150-g.jpg?v=638776411431770000",
    "productUrl": "https://www.jumbo.cl/jamon-acaramelado-super-cerdo-150g-1942049/p",
    "in_stock": true,
    "promo_text": null,
    "sku": "120819",
    "rating": 5,
    "description": null
  },
  {
    "id": "10881",
    "name": "Jamón Pierna PF Granel",
    "brand": "PF",
    "category": "quesos-y-fiambres",
    "price": 900,
    "price_original": null,
    "currency": "CLP",
    "size": null,
    "unit_price": 9000,
    "image_url": "https://jumbocl.vteximg.com.br/arquivos/ids/350727-250-250/Jamon-Pierna-PF-Granel.jpg?v=638776682422430000",
    "productUrl": "https://www.jumbo.cl/jamon-pierna-pf-granel-2/p",
    "in_stock": true,
    "promo_text": null,
    "sku": "10881",
    "rating": null,
    "description": null
  },
  {
    "id": "99456",
    "name": "Jamón Pierna Emporio Alemán Granel",
    "brand": "Emporio Alemán",
    "category": "quesos-y-fiambres",
    "price": 1836,
    "price_original": null,
    "currency": "CLP",
    "size": null,
    "unit_price": 18360,
    "image_url": "https://jumbocl.vteximg.com.br/arquivos/ids/371995-250-250/Jamon-pierna-granel.jpg?v=638776789519070000",
    "productUrl": "https://www.jumbo.cl/jamon-pierna-emporio-granel-1844410-kg/p",
    "in_stock": true,
    "promo_text": null,
    "sku": "99456",
    "rating": 5,
    "description": null
  },
  {
    "id": "132538",
    "name": "Jamón Artesanal Llanquihue 150 g",
    "brand": "Llanquihue",
    "category": "quesos-y-fiambres",
    "price": 3350,
    "price_original": null,
    "currency": "CLP",
    "size": null,
    "unit_price": 22333,
    "image_url": "https://jumbocl.vteximg.com.br/arquivos/ids/400063-250-250/Jamon-Artesanal-Llanquihue-150-g.jpg?v=638776899905200000",
    "productUrl": "https://www.jumbo.cl/jamon-artesanal-llanquihue-150-gr-1982564/p",
    "in_stock": true,
    "promo_text": null,
    "sku": "132538",
    "rating": 5,
    "description": null
  },
  {
    "id": "10882",
    "name": "Jamón Sándwich PF Granel",
    "brand": "PF",
    "category": "quesos-y-fiambres",
    "price": 716,
    "price_original": null,
    "currency": "CLP",
    "size": null,
    "unit_price": 7160,
    "image_url": "https://jumbocl.vteximg.com.br/arquivos/ids/350735-250-250/297420-KG-01_10138.jpg?v=638776682480330000",
    "productUrl": "https://www.jumbo.cl/jamon-sandwich-pf-granel-2/p",
    "in_stock": true,
    "promo_text": null,
    "sku": "10882",
    "rating": 5,
    "description": null
  },
  {
    "id": "111508",
    "name": "Jamón Centenario La Preferida Acaramelado 125 g",
    "brand": "La Preferida",
    "category": "quesos-y-fiambres",
    "price": 2440,
    "price_original": null,
    "currency": "CLP",
    "size": null,
    "unit_price": 19520,
    "image_url": "https://jumbocl.vteximg.com.br/arquivos/ids/315358-250-250/Jamon-centenario-acaramelado-125-g.jpg?v=638776404982230000",
    "productUrl": "https://www.jumbo.cl/jamon-acaram-cp-centenario-lp-125g-1905119/p",
    "in_stock": true,
    "promo_text": null,
    "sku": "111508",
    "rating": null,
    "description": null
  },
  {
    "id": "138272",
    "name": "Jamón Planchado Soler 150 g",
    "brand": "Soler",
    "category": "quesos-y-fiambres",
    "price": 3250,
    "price_original": null,
    "currency": "CLP",
    "size": null,
    "unit_price": 21667,
    "image_url": "https://jumbocl.vteximg.com.br/arquivos/ids/431131-250-250/Jamon-Planchado-Soler-150-g.jpg?v=638819719171830000",
    "productUrl": "https://www.jumbo.cl/jamon-planchado-soler-150g-1995323/p",
    "in_stock": true,
    "promo_text": null,
    "sku": "138272",
    "rating": 5,
    "description": null
  },
  {
    "id": "111505",
    "name": "Jamón Centenario La Preferida Colonial 125 g",
    "brand": "La Preferida",
    "category": "quesos-y-fiambres",
    "price": 2440,
    "price_original": null,
    "currency": "CLP",
    "size": null,
    "unit_price": 19520,
    "image_url": "https://jumbocl.vteximg.com.br/arquivos/ids/315504-250-250/Jamon-centenario-colonial-125-g.jpg?v=638776405458870000",
    "productUrl": "https://www.jumbo.cl/jamon-colonial-cp-centenario-lp-125g-1905118/p",
    "in_stock": true,
    "promo_text": null,
    "sku": "111505",
    "rating": 5,
    "description": null
  },
  {
    "id": "84581",
    "name": "Jamón Colonial San Jorge 200 g",
    "brand": "San Jorge",
    "category": "quesos-y-fiambres",
    "price": 2950,
    "price_original": null,
    "currency": "CLP",
    "size": null,
    "unit_price": 14750,
    "image_url": "https://jumbocl.vteximg.com.br/arquivos/ids/311673-250-250/Jamon-colonial-200-g.jpg?v=638776394336600000",
    "productUrl": "https://www.jumbo.cl/jamon-colonial-200-g/p",
    "in_stock": true,
    "promo_text": null,
    "sku": "84581",
    "rating": null,
    "description": null
  },
  {
    "id": "111556",
    "name": "Prosciutto Beretta Granel",
    "brand": "Beretta",
    "category": "quesos-y-fiambres",
    "price": 3090,
    "price_original": null,
    "currency": "CLP",
    "size": null,
    "unit_price": 30900,
    "image_url": "https://jumbocl.vteximg.com.br/arquivos/ids/378490-250-250/Prosciutto-kg.jpg?v=638776815621470000",
    "productUrl": "https://www.jumbo.cl/prosciutto-beretta-granel-1897785-kg/p",
    "in_stock": true,
    "promo_text": null,
    "sku": "111556",
    "rating": null,
    "description": null
  },
  {
    "id": "120815",
    "name": "Jamón Pierna Artesanal 150 g",
    "brand": "Super Cerdo",
    "category": "quesos-y-fiambres",
    "price": 2190,
    "price_original": null,
    "currency": "CLP",
    "size": null,
    "unit_price": 14600,
    "image_url": "https://jumbocl.vteximg.com.br/arquivos/ids/317399-250-250/Jamon-Pierna-Artesanal-150g.jpg?v=638776411852100000",
    "productUrl": "https://www.jumbo.cl/jamon-pierna-super-cerdo-150g-1942052/p",
    "in_stock": true,
    "promo_text": null,
    "sku": "120815",
    "rating": 4,
    "description": null
  },
  {
    "id": "84582",
    "name": "Jamón Acaramelado San Jorge 200 g",
    "brand": "San Jorge",
    "category": "quesos-y-fiambres",
    "price": 2950,
    "price_original": null,
    "currency": "CLP",
    "size": null,
    "unit_price": 14750,
    "image_url": "https://jumbocl.vteximg.com.br/arquivos/ids/311684-250-250/Jamon-acaramelado-200-g.jpg?v=638776394364100000",
    "productUrl": "https://www.jumbo.cl/jamon-acaramelado-200-g-2/p",
    "in_stock": true,
    "promo_text": null,
    "sku": "84582",
    "rating": null,
    "description": null
  },
  {
    "id": "80215",
    "name": "Jamón Acaramelado PF 200 g",
    "brand": "PF",
    "category": "quesos-y-fiambres",
    "price": 2890,
    "price_original": null,
    "currency": "CLP",
    "size": null,
    "unit_price": 14450,
    "image_url": "https://jumbocl.vteximg.com.br/arquivos/ids/364367-250-250/Jamon-acaramelado-200-g.jpg?v=638776753695830000",
    "productUrl": "https://www.jumbo.cl/jamon-acaramelado-pf-200-gr/p",
    "in_stock": true,
    "promo_text": null,
    "sku": "80215",
    "rating": 5,
    "description": null
  },
  {
    "id": "27443",
    "name": "Jamón Artesanal San Jorge Granel",
    "brand": "San Jorge",
    "category": "quesos-y-fiambres",
    "price": 956,
    "price_original": null,
    "currency": "CLP",
    "size": null,
    "unit_price": 9560,
    "image_url": "https://jumbocl.vteximg.com.br/arquivos/ids/355557-250-250/Principal-36701.jpg?v=638776707700970000",
    "productUrl": "https://www.jumbo.cl/jamon-artesanal-san-jorge-granel/p",
    "in_stock": true,
    "promo_text": null,
    "sku": "27443",
    "rating": 5,
    "description": null
  },
  {
    "id": "120806",
    "name": "Jamón Colonial 150 g",
    "brand": "Super Cerdo",
    "category": "quesos-y-fiambres",
    "price": 2190,
    "price_original": null,
    "currency": "CLP",
    "size": null,
    "unit_price": 14600,
    "image_url": "https://jumbocl.vteximg.com.br/arquivos/ids/317356-250-250/Jamon-Colonial-150g.jpg?v=638776411624570000",
    "productUrl": "https://www.jumbo.cl/jamon-ahumado-super-cerdo-150g-1942050/p",
    "in_stock": true,
    "promo_text": null,
    "sku": "120806",
    "rating": 2,
    "description": null
  },
  {
    "id": "138402",
    "name": "Jamón Ahumado Soler 150 g",
    "brand": "Soler",
    "category": "quesos-y-fiambres",
    "price": 3250,
    "price_original": null,
    "currency": "CLP",
    "size": null,
    "unit_price": 21667,
    "image_url": "https://jumbocl.vteximg.com.br/arquivos/ids/329487-250-250/Jamon-Ahumado-Soler-150-g.jpg?v=638776431777300000",
    "productUrl": "https://www.jumbo.cl/jamon-ahumado-soler-150g-1997806/p",
    "in_stock": true,
    "promo_text": null,
    "sku": "138402",
    "rating": 5,
    "description": null
  },
  {
    "id": "74793",
    "name": "Fiambre Jamón Sándwich San Jorge 250 g",
    "brand": "San Jorge",
    "category": "quesos-y-fiambres",
    "price": 1940,
    "price_original": null,
    "currency": "CLP",
    "size": null,
    "unit_price": 7760,
    "image_url": "https://jumbocl.vteximg.com.br/arquivos/ids/310222-250-250/Fiambre-jamon-sandwich-250-g.jpg?v=638776391117900000",
    "productUrl": "https://www.jumbo.cl/fiambre-jamon-sandwich-san-jorge-250g/p",
    "in_stock": true,
    "promo_text": null,
    "sku": "74793",
    "rating": null,
    "description": null
  },
  {
    "id": "88109",
    "name": "Jamón Pierna Artesanal Winter 200 g",
    "brand": "Winter",
    "category": "quesos-y-fiambres",
    "price": 2350,
    "price_original": null,
    "currency": "CLP",
    "size": null,
    "unit_price": 11750,
    "image_url": "https://jumbocl.vteximg.com.br/arquivos/ids/311861-250-250/Jamon-pierna-artesanal-200-g.jpg?v=638776394827470000",
    "productUrl": "https://www.jumbo.cl/jamon-pierna-artesanal-200-g-2/p",
    "in_stock": true,
    "promo_text": null,
    "sku": "88109",
    "rating": null,
    "description": null
  },
  {
    "id": "132547",
    "name": "Jamón Sándwich Llanquihue 150 g",
    "brand": "Llanquihue",
    "category": "quesos-y-fiambres",
    "price": 2790,
    "price_original": null,
    "currency": "CLP",
    "size": null,
    "unit_price": 18600,
    "image_url": "https://jumbocl.vteximg.com.br/arquivos/ids/400073-250-250/Jamon-Sandwich-Llanquihue-150-g.jpg?v=638776899945070000",
    "productUrl": "https://www.jumbo.cl/jamon-sandwich-llanquihue-150-gr-1982566/p",
    "in_stock": true,
    "promo_text": null,
    "sku": "132547",
    "rating": null,
    "description": null
  },
  {
    "id": "74555",
    "name": "Jamón Pierna PF Acaramelado 125 g",
    "brand": "PF",
    "category": "quesos-y-fiambres",
    "price": 2290,
    "price_original": null,
    "currency": "CLP",
    "size": null,
    "unit_price": 18320,
    "image_url": "https://jumbocl.vteximg.com.br/arquivos/ids/362969-250-250/Jamon-pierna-acaramelado-PF-125-g.jpg?v=638776745854070000",
    "productUrl": "https://www.jumbo.cl/jamon-pierna-acaramelado-pf-125-g/p",
    "in_stock": true,
    "promo_text": null,
    "sku": "74555",
    "rating": null,
    "description": null
  },
  {
    "id": "80216",
    "name": "Jamón Colonial PF 200 g",
    "brand": "PF",
    "category": "quesos-y-fiambres",
    "price": 2890,
    "price_original": null,
    "currency": "CLP",
    "size": null,
    "unit_price": 14450,
    "image_url": "https://jumbocl.vteximg.com.br/arquivos/ids/364372-250-250/Jamon-colonial-200-g.jpg?v=638776753751670000",
    "productUrl": "https://www.jumbo.cl/jamon-colonial-pf-200-gr/p",
    "in_stock": true,
    "promo_text": null,
    "sku": "80216",
    "rating": null,
    "description": null
  },
  {
    "id": "88110",
    "name": "Jamón Artesanal San Jorge 200 g",
    "brand": "San Jorge",
    "category": "quesos-y-fiambres",
    "price": 2350,
    "price_original": null,
    "currency": "CLP",
    "size": null,
    "unit_price": 11750,
    "image_url": "https://jumbocl.vteximg.com.br/arquivos/ids/311868-250-250/Jamon-artesanal-200-g.jpg?v=638776394852900000",
    "productUrl": "https://www.jumbo.cl/jamon-artesanal-200-g-2/p",
    "in_stock": true,
    "promo_text": null,
    "sku": "88110",
    "rating": null,
    "description": null
  },
  {
    "id": "98943",
    "name": "Jamón de Pavo Acaramelado Receta del Abuelo 125 g",
    "brand": "Receta del Abuelo",
    "category": "quesos-y-fiambres",
    "price": 2590,
    "price_original": 3050,
    "currency": "CLP",
    "size": null,
    "unit_price": 20720,
    "image_url": "https://jumbocl.vteximg.com.br/arquivos/ids/313304-250-250/Jamon-de-pavo-acaramelado-125-g.jpg?v=638776399368870000",
    "productUrl": "https://www.jumbo.cl/jamon-de-pavo-acaramelado-rd-abuelo-125g-1871179/p",
    "in_stock": true,
    "promo_text": null,
    "sku": "98943",
    "rating": 5,
    "description": null
  },
  {
    "id": "18671",
    "name": "Jamón Colonial PF 125 g",
    "brand": "PF",
    "category": "quesos-y-fiambres",
    "price": 2290,
    "price_original": null,
    "currency": "CLP",
    "size": null,
    "unit_price": 18320,
    "image_url": "https://jumbocl.vteximg.com.br/arquivos/ids/352942-250-250/Jamon-colonial-125-g.jpg?v=638776695189230000",
    "productUrl": "https://www.jumbo.cl/jamon-colonial-pf-125-g/p",
    "in_stock": true,
    "promo_text": null,
    "sku": "18671",
    "rating": null,
    "description": null
  },
  {
    "id": "111546",
    "name": "Prosciutto San Daniele Beretta kg",
    "brand": "Beretta",
    "category": "quesos-y-fiambres",
    "price": 4640,
    "price_original": null,
    "currency": "CLP",
    "size": null,
    "unit_price": 46400,
    "image_url": "https://jumbocl.vteximg.com.br/arquivos/ids/378483-250-250/Prosciutto-san-daniele-kg.jpg?v=638776815596530000",
    "productUrl": "https://www.jumbo.cl/prosciutto-san-daniele-beretta-granel-1897784-kg/p",
    "in_stock": true,
    "promo_text": null,
    "sku": "111546",
    "rating": null,
    "description": null
  },
  {
    "id": "10839",
    "name": "Pechuga Pavo Asada Granel 100 g",
    "brand": "Jumbo Artesanal",
    "category": "quesos-y-fiambres",
    "price": 1836,
    "price_original": null,
    "currency": "CLP",
    "size": null,
    "unit_price": 18360,
    "image_url": "https://jumbocl.vteximg.com.br/arquivos/ids/302059-250-250/Pechuga-de-Pavo-Asada-Granel-100-g.jpg?v=638776375760700000",
    "productUrl": "https://www.jumbo.cl/pechuga-de-pavo-asada-jumbo-meson/p",
    "in_stock": true,
    "promo_text": null,
    "sku": "10839",
    "rating": 3.5,
    "description": null
  },
  {
    "id": "10841",
    "name": "Pechuga Pavo Cocida Granel 100 g",
    "brand": "Jumbo Artesanal",
    "category": "quesos-y-fiambres",
    "price": 1836,
    "price_original": null,
    "currency": "CLP",
    "size": null,
    "unit_price": 18360,
    "image_url": "https://jumbocl.vteximg.com.br/arquivos/ids/302135-250-250/Pechuga-de-Pavo-Cocida-Granel-100-g.jpg?v=638776375831630000",
    "productUrl": "https://www.jumbo.cl/pechuga-de-pavo-cocida-jumbo-meson/p",
    "in_stock": true,
    "promo_text": null,
    "sku": "10841",
    "rating": 4.3,
    "description": null
  },
  {
    "id": "10838",
    "name": "Pechuga Pavo Ahumada Granel 100 g",
    "brand": "Jumbo Artesanal",
    "category": "quesos-y-fiambres",
    "price": 1836,
    "price_original": null,
    "currency": "CLP",
    "size": null,
    "unit_price": 18360,
    "image_url": "https://jumbocl.vteximg.com.br/arquivos/ids/302036-250-250/Pechuga-de-Pavo-Ahumada-Granel-100-g.jpg?v=638776375728430000",
    "productUrl": "https://www.jumbo.cl/pechuga-de-pavo-ahumada-jumbo-meson/p",
    "in_stock": true,
    "promo_text": null,
    "sku": "10838",
    "rating": null,
    "description": null
  },
  {
    "id": "24389",
    "name": "Queso Mantecoso Soprole Quilque Trozo Granel",
    "brand": "Soprole",
    "category": "quesos-y-fiambres",
    "price": 1076,
    "price_original": null,
    "currency": "CLP",
    "size": null,
    "unit_price": 10760,
    "image_url": "https://jumbocl.vteximg.com.br/arquivos/ids/305191-250-250/Queso-Mantecoso-Soprole-Quilque-Trozo-Granel.jpg?v=638776381353130000",
    "productUrl": "https://www.jumbo.cl/queso-mantecoso-quilque-granel-2/p",
    "in_stock": true,
    "promo_text": null,
    "sku": "24389",
    "rating": 4.5,
    "description": null
  },
  {
    "id": "10825",
    "name": "Jamón Serrano Trujillo 80 g",
    "brand": "Trujillo",
    "category": "quesos-y-fiambres",
    "price": 3990,
    "price_original": 5190,
    "currency": "CLP",
    "size": null,
    "unit_price": 49875,
    "image_url": "https://jumbocl.vteximg.com.br/arquivos/ids/350716-250-250/297453-01.png?v=638776682384400000",
    "productUrl": "https://www.jumbo.cl/jamon-serrano-trujillo-80-g/p",
    "in_stock": true,
    "promo_text": null,
    "sku": "10825",
    "rating": 1,
    "description": null
  },
  {
    "id": "24388",
    "name": "Queso Mantecoso Río Bueno Laminado Granel",
    "brand": "Río Bueno",
    "category": "quesos-y-fiambres",
    "price": 1316,
    "price_original": null,
    "currency": "CLP",
    "size": null,
    "unit_price": 13160,
    "image_url": "https://jumbocl.vteximg.com.br/arquivos/ids/305171-250-250/Queso-Mantecoso-Rio-Bueno-Laminado-Granel.jpg?v=638776381321370000",
    "productUrl": "https://www.jumbo.cl/queso-mantecoso-rio-bueno-granel/p",
    "in_stock": true,
    "promo_text": null,
    "sku": "24388",
    "rating": 4.9,
    "description": null
  },
  {
    "id": "74249",
    "name": "Salame Italiano PF 100 g",
    "brand": "PF",
    "category": "quesos-y-fiambres",
    "price": 1950,
    "price_original": null,
    "currency": "CLP",
    "size": null,
    "unit_price": 19500,
    "image_url": "https://jumbocl.vteximg.com.br/arquivos/ids/310376-250-250/Salame-Italiano-PF-100-g.jpg?v=638776391406870000",
    "productUrl": "https://www.jumbo.cl/salame-italiano-pf-100-g/p",
    "in_stock": true,
    "promo_text": null,
    "sku": "74249",
    "rating": 4,
    "description": null
  },
  {
    "id": "10891",
    "name": "Pechuga de Pollo PF Cocida Granel",
    "brand": "PF",
    "category": "quesos-y-fiambres",
    "price": 1076,
    "price_original": null,
    "currency": "CLP",
    "size": null,
    "unit_price": 10760,
    "image_url": "https://jumbocl.vteximg.com.br/arquivos/ids/350738-250-250/Pechuga-de-Pollo-Cocida-PF-Granel.jpg?v=638776682514970000",
    "productUrl": "https://www.jumbo.cl/pechuga-de-pollo-cocida-pf-granel-2/p",
    "in_stock": true,
    "promo_text": null,
    "sku": "10891",
    "rating": 1,
    "description": null
  },
  {
    "id": "11140",
    "name": "Tocino PF Granel",
    "brand": "PF",
    "category": "quesos-y-fiambres",
    "price": 2110,
    "price_original": null,
    "currency": "CLP",
    "size": null,
    "unit_price": 21100,
    "image_url": "https://jumbocl.vteximg.com.br/arquivos/ids/301980-250-250/Tocino-PF-Granel.jpg?v=638776375644070000",
    "productUrl": "https://www.jumbo.cl/panceta-pf-granel-2/p",
    "in_stock": true,
    "promo_text": null,
    "sku": "11140",
    "rating": 4,
    "description": null
  },
  {
    "id": "18660",
    "name": "Mortadela Jamonada Receta del Abuelo 150 g",
    "brand": "Receta del Abuelo",
    "category": "quesos-y-fiambres",
    "price": 1670,
    "price_original": null,
    "currency": "CLP",
    "size": null,
    "unit_price": 11133,
    "image_url": "https://jumbocl.vteximg.com.br/arquivos/ids/352939-250-250/Mortadela-jamonada-Receta-del-Abuelo-150-g.jpg?v=638776695172630000",
    "productUrl": "https://www.jumbo.cl/mortadela-jamonada-receta-del-abuelo-150-g/p",
    "in_stock": true,
    "promo_text": null,
    "sku": "18660",
    "rating": 4.7,
    "description": null
  },
  {
    "id": "10840",
    "name": "Pechuga Pavo Premium Granel 100 g",
    "brand": "Jumbo Artesanal",
    "category": "quesos-y-fiambres",
    "price": 2396,
    "price_original": null,
    "currency": "CLP",
    "size": null,
    "unit_price": 23960,
    "image_url": "https://jumbocl.vteximg.com.br/arquivos/ids/302092-250-250/Pechuga-de-Pavo-Premium-Granel-100-g.jpg?v=638776375795930000",
    "productUrl": "https://www.jumbo.cl/pechuga-de-pavo-asada-jumbo-premium/p",
    "in_stock": true,
    "promo_text": null,
    "sku": "10840",
    "rating": 5,
    "description": null
  },
  {
    "id": "46416",
    "name": "Tabla Serrana Trujillo Etiqueta Negra 120 g",
    "brand": "Trujillo",
    "category": "quesos-y-fiambres",
    "price": 4690,
    "price_original": 5990,
    "currency": "CLP",
    "size": null,
    "unit_price": 39083,
    "image_url": "https://jumbocl.vteximg.com.br/arquivos/ids/357978-250-250/Principal-45061.jpg?v=638776721492130000",
    "productUrl": "https://www.jumbo.cl/tabla-serrana-trujillo-etiqueta-negra-120-g/p",
    "in_stock": true,
    "promo_text": null,
    "sku": "46416",
    "rating": 5,
    "description": null
  },
  {
    "id": "147482",
    "name": "Queso Mantecoso Laminado Sin Lactosa Surlat 400 g",
    "brand": "Surlat",
    "category": "quesos-y-fiambres",
    "price": 6190,
    "price_original": null,
    "currency": "CLP",
    "size": null,
    "unit_price": 15475,
    "image_url": "https://jumbocl.vteximg.com.br/arquivos/ids/428334-250-250/Queso-Mantecoso-Laminado-Sin-Lactosa-Surlat-400-g.jpg?v=638811017324430000",
    "productUrl": "https://www.jumbo.cl/queso-mantecoso-laminado-sin-lactosa-surlat-400-g/p",
    "in_stock": true,
    "promo_text": null,
    "sku": "147482",
    "rating": 5,
    "description": null
  },
  {
    "id": "106322",
    "name": "Pechuga de Pavo La Preferida Cocida 250 g",
    "brand": "La Preferida",
    "category": "quesos-y-fiambres",
    "price": 4990,
    "price_original": null,
    "currency": "CLP",
    "size": null,
    "unit_price": 19960,
    "image_url": "https://jumbocl.vteximg.com.br/arquivos/ids/314826-250-250/Pechuga-de-pavo-cocida-250-g.jpg?v=638776402814300000",
    "productUrl": "https://www.jumbo.cl/pechuga-pavo-cocida-la-preferida-250gr-1898639/p",
    "in_stock": true,
    "promo_text": null,
    "sku": "106322",
    "rating": 5,
    "description": null
  },
  {
    "id": "10943",
    "name": "Queso Mantecoso Huentelauquen Envasado Trozo 350 g",
    "brand": "Huentelauquen",
    "category": "quesos-y-fiambres",
    "price": 6690,
    "price_original": null,
    "currency": "CLP",
    "size": null,
    "unit_price": 19114,
    "image_url": "https://jumbocl.vteximg.com.br/arquivos/ids/350773-250-250/1441537.jpg?v=638776682626530000",
    "productUrl": "https://www.jumbo.cl/queso-mantecoso-huentelauquen-350-g-2/p",
    "in_stock": true,
    "promo_text": null,
    "sku": "10943",
    "rating": 4,
    "description": null
  },
  {
    "id": "35002",
    "name": "Queso Mantecoso Matthei Envasado Trozo 500 g",
    "brand": "Matthei",
    "category": "quesos-y-fiambres",
    "price": 8190,
    "price_original": null,
    "currency": "CLP",
    "size": null,
    "unit_price": 16380,
    "image_url": "https://jumbocl.vteximg.com.br/arquivos/ids/307074-250-250/Queso-Mantecoso-Matthei-Envasado-Trozo-500-g.jpg?v=638776383783830000",
    "productUrl": "https://www.jumbo.cl/queso-mantecoso-matthei-500-g/p",
    "in_stock": true,
    "promo_text": null,
    "sku": "35002",
    "rating": 5,
    "description": null
  },
  {
    "id": "108723",
    "name": "Pechuga de Pollo Asada Super Pollo 150 g",
    "brand": "Super Pollo",
    "category": "quesos-y-fiambres",
    "price": 2090,
    "price_original": null,
    "currency": "CLP",
    "size": null,
    "unit_price": 13933,
    "image_url": "https://jumbocl.vteximg.com.br/arquivos/ids/315059-250-250/Pechuga-de-pollo-asada-150-g.jpg?v=638776403673300000",
    "productUrl": "https://www.jumbo.cl/pechuga-pollo-asada-sp-150g-1858251/p",
    "in_stock": true,
    "promo_text": null,
    "sku": "108723",
    "rating": null,
    "description": null
  },
  {
    "id": "11012",
    "name": "Chuleta Kassler Al Vacío 500 g",
    "brand": "Jumbo Artesanal",
    "category": "quesos-y-fiambres",
    "price": 6980,
    "price_original": null,
    "currency": "CLP",
    "size": null,
    "unit_price": 13960,
    "image_url": "https://jumbocl.vteximg.com.br/arquivos/ids/301930-250-250/Chuleta-Kassler-envasado-al-vacio-granel.jpg?v=638776375576900000",
    "productUrl": "https://www.jumbo.cl/chuleta-kassler-jumbo-400-g-aprox-a/p",
    "in_stock": true,
    "promo_text": null,
    "sku": "11012",
    "rating": 4.6,
    "description": null
  },
  {
    "id": "10843",
    "name": "Pechuga Pavo Asada Al Vacío 250 g",
    "brand": "Jumbo Artesanal",
    "category": "quesos-y-fiambres",
    "price": 4590,
    "price_original": null,
    "currency": "CLP",
    "size": null,
    "unit_price": 18360,
    "image_url": "https://jumbocl.vteximg.com.br/arquivos/ids/302203-250-250/Pechuga-Pavo-asada-al-vacio-250-g-aprox.jpg?v=638776375889870000",
    "productUrl": "https://www.jumbo.cl/pechuga-pavo-asada-jumbo-300-g-apro-2/p",
    "in_stock": true,
    "promo_text": null,
    "sku": "10843",
    "rating": 3,
    "description": null
  },
  {
    "id": "18649",
    "name": "Paté Ternera PF 125 g",
    "brand": "PF",
    "category": "quesos-y-fiambres",
    "price": 780,
    "price_original": null,
    "currency": "CLP",
    "size": null,
    "unit_price": 6240,
    "image_url": "https://jumbocl.vteximg.com.br/arquivos/ids/352929-250-250/Pate-ternera-125-g.jpg?v=638776695139070000",
    "productUrl": "https://www.jumbo.cl/pate-de-ternera-pf-125-g/p",
    "in_stock": true,
    "promo_text": null,
    "sku": "18649",
    "rating": 5,
    "description": null
  },
  {
    "id": "10991",
    "name": "Queso Mantecoso San Benito Trozo Granel",
    "brand": "San Benito",
    "category": "quesos-y-fiambres",
    "price": 1580,
    "price_original": null,
    "currency": "CLP",
    "size": null,
    "unit_price": 15800,
    "image_url": "https://jumbocl.vteximg.com.br/arquivos/ids/301751-250-250/Queso-Mantecoso-San-Benito-Trozo-Granel.jpg?v=638776375322470000",
    "productUrl": "https://www.jumbo.cl/queso-mantecoso-san-benito-granel/p",
    "in_stock": true,
    "promo_text": null,
    "sku": "10991",
    "rating": 4.6,
    "description": null
  },
  {
    "id": "10845",
    "name": "Pechuga Pavo Cocida Al Vacío 250 g",
    "brand": "Jumbo Artesanal",
    "category": "quesos-y-fiambres",
    "price": 4590,
    "price_original": null,
    "currency": "CLP",
    "size": null,
    "unit_price": 18360,
    "image_url": "https://jumbocl.vteximg.com.br/arquivos/ids/301731-250-250/Pechuga-pavo-cocida-250-g-aprox-al-vacio.jpg?v=638776375278070000",
    "productUrl": "https://www.jumbo.cl/pechuga-pavo-cocida-jumbo-300-g-apr/p",
    "in_stock": true,
    "promo_text": null,
    "sku": "10845",
    "rating": null,
    "description": null
  },
  {
    "id": "10945",
    "name": "Queso Mantecoso Huentelauquen Trozo Granel",
    "brand": "Huentelauquen",
    "category": "quesos-y-fiambres",
    "price": 1860,
    "price_original": null,
    "currency": "CLP",
    "size": null,
    "unit_price": 18600,
    "image_url": "https://jumbocl.vteximg.com.br/arquivos/ids/302095-250-250/Queso-Mantecoso-Huentelauquen-Trozo-Granel.jpg?v=638776375797370000",
    "productUrl": "https://www.jumbo.cl/queso-mantecoso-huentelauquen-trozo-granel/p",
    "in_stock": true,
    "promo_text": null,
    "sku": "10945",
    "rating": 4.6,
    "description": null
  },
  {
    "id": "144431",
    "name": "Paté La Crianza de Ternera 125 g",
    "brand": "La Crianza",
    "category": "quesos-y-fiambres",
    "price": 1050,
    "price_original": null,
    "currency": "CLP",
    "size": null,
    "unit_price": 8400,
    "image_url": "https://jumbocl.vteximg.com.br/arquivos/ids/340926-250-250/Pate-de-Ternera-La-Crianza-125-g.jpg?v=638776441169730000",
    "productUrl": "https://www.jumbo.cl/pate-de-ternera-la-crianza-125g-1998703/p",
    "in_stock": true,
    "promo_text": null,
    "sku": "144431",
    "rating": 5,
    "description": null
  },
  {
    "id": "10890",
    "name": "Pechuga de Pollo PF Cocida 150 g",
    "brand": "PF",
    "category": "quesos-y-fiambres",
    "price": 2190,
    "price_original": null,
    "currency": "CLP",
    "size": null,
    "unit_price": 14600,
    "image_url": "https://jumbocl.vteximg.com.br/arquivos/ids/350739-250-250/Pechuga-de-pollo-cocida-150-g.jpg?v=638776682515130000",
    "productUrl": "https://www.jumbo.cl/pechuga-de-pollo-cocida-pf-150-g/p",
    "in_stock": true,
    "promo_text": null,
    "sku": "10890",
    "rating": 5,
    "description": null
  },
  {
    "id": "140892",
    "name": "Mortadela Jamonada La Preferida 150 g",
    "brand": "La Preferida",
    "category": "quesos-y-fiambres",
    "price": 2050,
    "price_original": null,
    "currency": "CLP",
    "size": null,
    "unit_price": 9667,
    "image_url": "https://jumbocl.vteximg.com.br/arquivos/ids/334278-250-250/MORTADELA-JAMONADA-LA-PREFERIDA-150G.jpg?v=638776435535270000",
    "productUrl": "https://www.jumbo.cl/mortadela-jamonada-la-preferida-150g-2002652/p",
    "in_stock": true,
    "promo_text": "Lleva 2 por $2.900",
    "sku": "140892",
    "rating": null,
    "description": null
  },
  {
    "id": "18592",
    "name": "Paté de Ternera San Jorge 125 g",
    "brand": "San Jorge",
    "category": "quesos-y-fiambres",
    "price": 800,
    "price_original": null,
    "currency": "CLP",
    "size": null,
    "unit_price": 6400,
    "image_url": "https://jumbocl.vteximg.com.br/arquivos/ids/303996-250-250/Pate-de-Ternera-San-Jorge-125-g.jpg?v=638776378564730000",
    "productUrl": "https://www.jumbo.cl/pate-de-ternera-san-jorge-125-g/p",
    "in_stock": true,
    "promo_text": null,
    "sku": "18592",
    "rating": null,
    "description": null
  },
  {
    "id": "147144",
    "name": "Queso Mantecoso Surlat Sin Lactosa Laminado 200 g",
    "brand": "Surlat",
    "category": "quesos-y-fiambres",
    "price": 3650,
    "price_original": null,
    "currency": "CLP",
    "size": null,
    "unit_price": 18250,
    "image_url": "https://jumbocl.vteximg.com.br/arquivos/ids/346338-250-250/Queso-Mantecoso-Surlat-Sin-Lactosa-Laminado-200-g.jpg?v=638776445785430000",
    "productUrl": "https://www.jumbo.cl/queso-mantecoso-laminado-surlat-sl-200g-2026941/p",
    "in_stock": true,
    "promo_text": null,
    "sku": "147144",
    "rating": null,
    "description": null
  },
  {
    "id": "10597",
    "name": "Arrollado Huaso San Jorge Granel",
    "brand": "San Jorge",
    "category": "quesos-y-fiambres",
    "price": 980,
    "price_original": null,
    "currency": "CLP",
    "size": null,
    "unit_price": 9800,
    "image_url": "https://jumbocl.vteximg.com.br/arquivos/ids/350592-250-250/297342.jpg?v=638776681859770000",
    "productUrl": "https://www.jumbo.cl/arrollado-huaso-san-jorge-granel-2/p",
    "in_stock": true,
    "promo_text": null,
    "sku": "10597",
    "rating": 5,
    "description": null
  },
  {
    "id": "18667",
    "name": "Salamín Artesanal Receta del Abuelo 200 g",
    "brand": "Receta del Abuelo",
    "category": "quesos-y-fiambres",
    "price": 3990,
    "price_original": null,
    "currency": "CLP",
    "size": null,
    "unit_price": 19950,
    "image_url": "https://jumbocl.vteximg.com.br/arquivos/ids/352945-250-250/Principal-17348.jpg?v=638776695193130000",
    "productUrl": "https://www.jumbo.cl/salamin-artesanal-receta-del-abuelo-200-g/p",
    "in_stock": true,
    "promo_text": null,
    "sku": "18667",
    "rating": null,
    "description": null
  },
  {
    "id": "153878",
    "name": "Snack Mini Salamini Receta del Abuelo 50 g",
    "brand": "Receta del Abuelo",
    "category": "quesos-y-fiambres",
    "price": 1390,
    "price_original": null,
    "currency": "CLP",
    "size": null,
    "unit_price": 27800,
    "image_url": "https://jumbocl.vteximg.com.br/arquivos/ids/484513-250-250/SNACK-MINI-SALAMINI-REC-DEL-ABUELO-50G.jpg?v=638889828874530000",
    "productUrl": "https://www.jumbo.cl/snack-mini-salamini-rec-del-abuelo-50g-2043257/p",
    "in_stock": true,
    "promo_text": null,
    "sku": "153878",
    "rating": null,
    "description": null
  },
  {
    "id": "18575",
    "name": "Arrollado Artesanal Receta del Abuelo Granel",
    "brand": "Receta del Abuelo",
    "category": "quesos-y-fiambres",
    "price": 1156,
    "price_original": 1460,
    "currency": "CLP",
    "size": null,
    "unit_price": 11560,
    "image_url": "https://jumbocl.vteximg.com.br/arquivos/ids/352914-250-250/1497036.jpg?v=638776695067100000",
    "productUrl": "https://www.jumbo.cl/arrollado-artesanal-receta-del-abuelo-granel/p",
    "in_stock": true,
    "promo_text": null,
    "sku": "18575",
    "rating": null,
    "description": null
  },
  {
    "id": "132125",
    "name": "Salame Italiano PF 75 g",
    "brand": "PF",
    "category": "quesos-y-fiambres",
    "price": 1240,
    "price_original": null,
    "currency": "CLP",
    "size": null,
    "unit_price": 16533,
    "image_url": "https://jumbocl.vteximg.com.br/arquivos/ids/321319-250-250/Salame-Italiano-PF-75-g.jpg?v=638776422986000000",
    "productUrl": "https://www.jumbo.cl/salame-italiano-pf-75g-1839621/p",
    "in_stock": true,
    "promo_text": null,
    "sku": "132125",
    "rating": 5,
    "description": null
  },
  {
    "id": "10990",
    "name": "Queso Mantecoso San Benito Envasado Trozo 350 g",
    "brand": "San Benito",
    "category": "quesos-y-fiambres",
    "price": 5790,
    "price_original": null,
    "currency": "CLP",
    "size": null,
    "unit_price": 16543,
    "image_url": "https://jumbocl.vteximg.com.br/arquivos/ids/302208-250-250/Queso-Mantecoso-San-Benito-Envasado-Trozo-350-g.jpg?v=638776375892370000",
    "productUrl": "https://www.jumbo.cl/queso-mantecoso-san-benito-350-g-2/p",
    "in_stock": true,
    "promo_text": null,
    "sku": "10990",
    "rating": 5,
    "description": null
  },
  {
    "id": "132797",
    "name": "Pechuga Pollo Acaram Super Pollo 150 g",
    "brand": "Super Pollo",
    "category": "quesos-y-fiambres",
    "price": 2090,
    "price_original": null,
    "currency": "CLP",
    "size": null,
    "unit_price": 13933,
    "image_url": "https://jumbocl.vteximg.com.br/arquivos/ids/400448-250-250/Pechuga-acaramelada-150-g.jpg?v=638776901314370000",
    "productUrl": "https://www.jumbo.cl/pechuga-pollo-acaram-super-pollo-150g-1858249/p",
    "in_stock": true,
    "promo_text": null,
    "sku": "132797",
    "rating": 1,
    "description": null
  },
  {
    "id": "10818",
    "name": "Jamón Serrano Receta del Abuelo 100 g",
    "brand": "Receta del Abuelo",
    "category": "quesos-y-fiambres",
    "price": 3750,
    "price_original": null,
    "currency": "CLP",
    "size": null,
    "unit_price": 37500,
    "image_url": "https://jumbocl.vteximg.com.br/arquivos/ids/302076-250-250/Jamon-Serrano-Receta-del-Abuelo-100-g.jpg?v=638776375773070000",
    "productUrl": "https://www.jumbo.cl/jamon-serrano-receta-del-abuelo-100-2/p",
    "in_stock": true,
    "promo_text": null,
    "sku": "10818",
    "rating": null,
    "description": null
  },
  {
    "id": "10949",
    "name": "Queso Mantecoso Kastanon Trozo Granel",
    "brand": "Kastanon",
    "category": "quesos-y-fiambres",
    "price": 1076,
    "price_original": 1556,
    "currency": "CLP",
    "size": null,
    "unit_price": 10760,
    "image_url": "https://jumbocl.vteximg.com.br/arquivos/ids/302130-250-250/Queso-Mantecoso-Kastanon-Trozo-Granel.jpg?v=638776375827900000",
    "productUrl": "https://www.jumbo.cl/queso-mantecoso-kastanon-trozo-granel/p",
    "in_stock": true,
    "promo_text": null,
    "sku": "10949",
    "rating": 5,
    "description": null
  },
  {
    "id": "11086",
    "name": "Paté Teewurst La Preferida 125 g",
    "brand": "La Preferida",
    "category": "quesos-y-fiambres",
    "price": 1790,
    "price_original": null,
    "currency": "CLP",
    "size": null,
    "unit_price": 12000,
    "image_url": "https://jumbocl.vteximg.com.br/arquivos/ids/301802-250-250/Pate-Teewurst-La-Preferida-125-g.jpg?v=638776375386800000",
    "productUrl": "https://www.jumbo.cl/pate-teewurst-la-preferida-125-g/p",
    "in_stock": true,
    "promo_text": "Lleva 2 por $3.000",
    "sku": "11086",
    "rating": null,
    "description": null
  },
  {
    "id": "11093",
    "name": "Paté de Pollo Finas Hierbas Receta del Abuelo 125 g",
    "brand": "Receta del Abuelo",
    "category": "quesos-y-fiambres",
    "price": 1590,
    "price_original": null,
    "currency": "CLP",
    "size": null,
    "unit_price": 12720,
    "image_url": "https://jumbocl.vteximg.com.br/arquivos/ids/301885-250-250/Pate-de-Pollo-Finas-Hierbas-Receta-del-abuelo-125-g.jpg?v=638776375510500000",
    "productUrl": "https://www.jumbo.cl/pate-de-pollo-finas-hierbas-receta-del-abuelo-125-g/p",
    "in_stock": true,
    "promo_text": null,
    "sku": "11093",
    "rating": null,
    "description": null
  },
  {
    "id": "11095",
    "name": "Pasta Ave Mayo Receta del Abuelo 125 g",
    "brand": "Receta del Abuelo",
    "category": "quesos-y-fiambres",
    "price": 1690,
    "price_original": null,
    "currency": "CLP",
    "size": null,
    "unit_price": 13520,
    "image_url": "https://jumbocl.vteximg.com.br/arquivos/ids/301924-250-250/Pate-Ave-Mayo-Receta-del-Abuelo-125-g.jpg?v=638776375563900000",
    "productUrl": "https://www.jumbo.cl/pate-ave-mayo-receta-del-abuelo-125-g/p",
    "in_stock": true,
    "promo_text": null,
    "sku": "11095",
    "rating": null,
    "description": null
  },
  {
    "id": "126867",
    "name": "Queso Mantecoso Los Tilos Envasado Laminado 450 g",
    "brand": "Los Tilos",
    "category": "quesos-y-fiambres",
    "price": 7190,
    "price_original": null,
    "currency": "CLP",
    "size": null,
    "unit_price": 15978,
    "image_url": "https://jumbocl.vteximg.com.br/arquivos/ids/319153-250-250/Queso-Mantecoso-Los-Tilos-Envasado-Laminado-450-g.jpg?v=638776416780830000",
    "productUrl": "https://www.jumbo.cl/queso-laminado-los-tilos-450g-1959215/p",
    "in_stock": true,
    "promo_text": null,
    "sku": "126867",
    "rating": 4.9,
    "description": null
  },
  {
    "id": "18531",
    "name": "Arrollado de Lomo PF Granel",
    "brand": "PF",
    "category": "quesos-y-fiambres",
    "price": 796,
    "price_original": null,
    "currency": "CLP",
    "size": null,
    "unit_price": 7960,
    "image_url": "https://jumbocl.vteximg.com.br/arquivos/ids/352864-250-250/444639.jpg?v=638776694794800000",
    "productUrl": "https://www.jumbo.cl/arrollado-de-lomo-pf-granel/p",
    "in_stock": true,
    "promo_text": null,
    "sku": "18531",
    "rating": null,
    "description": null
  },
  {
    "id": "74250",
    "name": "Salame Ahumado PF 100 g",
    "brand": "PF",
    "category": "quesos-y-fiambres",
    "price": 1950,
    "price_original": null,
    "currency": "CLP",
    "size": null,
    "unit_price": 19500,
    "image_url": "https://jumbocl.vteximg.com.br/arquivos/ids/310390-250-250/Salame-Ahumado-PF-100-g.jpg?v=638776391433000000",
    "productUrl": "https://www.jumbo.cl/salame-ahumado-pf-100-g/p",
    "in_stock": true,
    "promo_text": null,
    "sku": "74250",
    "rating": 5,
    "description": null
  },
  {
    "id": "18650",
    "name": "Paté de Jamón PF 125 g",
    "brand": "PF",
    "category": "quesos-y-fiambres",
    "price": 780,
    "price_original": null,
    "currency": "CLP",
    "size": null,
    "unit_price": 6240,
    "image_url": "https://jumbocl.vteximg.com.br/arquivos/ids/352937-250-250/Pate-de-Jamon-PF-125-g.jpg?v=638776695169200000",
    "productUrl": "https://www.jumbo.cl/pate-de-jamon-pf-125-g/p",
    "in_stock": true,
    "promo_text": null,
    "sku": "18650",
    "rating": null,
    "description": null
  },
  {
    "id": "10842",
    "name": "Pechuga Pavo Ahumado Al Vacío 250 g",
    "brand": "Jumbo Artesanal",
    "category": "quesos-y-fiambres",
    "price": 4590,
    "price_original": null,
    "currency": "CLP",
    "size": null,
    "unit_price": 18360,
    "image_url": "https://jumbocl.vteximg.com.br/arquivos/ids/302171-250-250/Pechuga-Pavo-ahumado-al-vacio-250-g-aprox.jpg?v=638776375862170000",
    "productUrl": "https://www.jumbo.cl/pechuga-pavo-ahumado-jumbo-300-g-ap/p",
    "in_stock": true,
    "promo_text": null,
    "sku": "10842",
    "rating": 5,
    "description": null
  },
  {
    "id": "11088",
    "name": "Paté de Cerdo Llanquihue 125 g",
    "brand": "Llanquihue",
    "category": "quesos-y-fiambres",
    "price": 1490,
    "price_original": null,
    "currency": "CLP",
    "size": null,
    "unit_price": 9600,
    "image_url": "https://jumbocl.vteximg.com.br/arquivos/ids/350811-250-250/Principal-3104.jpg?v=638776682808270000",
    "productUrl": "https://www.jumbo.cl/pate-de-cerdo-llanquihue-125-g/p",
    "in_stock": true,
    "promo_text": "Lleva 2 por $2.400",
    "sku": "11088",
    "rating": null,
    "description": null
  },
  {
    "id": "101487",
    "name": "Jamón Prosciutto Bellagio Delizia Crudo 100 g",
    "brand": "Bellagio",
    "category": "quesos-y-fiambres",
    "price": 5090,
    "price_original": null,
    "currency": "CLP",
    "size": null,
    "unit_price": 50900,
    "image_url": "https://jumbocl.vteximg.com.br/arquivos/ids/313637-250-250/Jamon-Prosciutto-Delizia-Crudo-100-g.jpg?v=638776400112700000",
    "productUrl": "https://www.jumbo.cl/jamon-crudo-delizia-100gr-bellagio-1867341/p",
    "in_stock": true,
    "promo_text": null,
    "sku": "101487",
    "rating": 5,
    "description": null
  },
  {
    "id": "134505",
    "name": "Salchichón Cervecita Llanquihue 400 g",
    "brand": "Llanquihue",
    "category": "quesos-y-fiambres",
    "price": 5850,
    "price_original": null,
    "currency": "CLP",
    "size": null,
    "unit_price": 14625,
    "image_url": "https://jumbocl.vteximg.com.br/arquivos/ids/403190-250-250/SALCHICHON-CERVECITA-LLANQUIHUE-400GR.jpg?v=638776910359470000",
    "productUrl": "https://www.jumbo.cl/salchichon-cervecita-llanquihue-400gr-1985750/p",
    "in_stock": true,
    "promo_text": null,
    "sku": "134505",
    "rating": null,
    "description": null
  },
  {
    "id": "11148",
    "name": "Salamín Tipo Italiano PF 200 g",
    "brand": "PF",
    "category": "quesos-y-fiambres",
    "price": 3550,
    "price_original": null,
    "currency": "CLP",
    "size": null,
    "unit_price": 17750,
    "image_url": "https://jumbocl.vteximg.com.br/arquivos/ids/350830-250-250/Salamin-tipo-italiano-200-g.jpg?v=638776682911200000",
    "productUrl": "https://www.jumbo.cl/salamin-italiano-pf-200-g/p",
    "in_stock": true,
    "promo_text": null,
    "sku": "11148",
    "rating": null,
    "description": null
  },
  {
    "id": "138850",
    "name": "Maletín Mix Charcutería Española Cuisine & Co 400 g",
    "brand": "Cuisine & Co",
    "category": "quesos-y-fiambres",
    "price": 19990,
    "price_original": null,
    "currency": "CLP",
    "size": null,
    "unit_price": 49975,
    "image_url": "https://jumbocl.vteximg.com.br/arquivos/ids/330477-250-250/Maletin-Mix-Charcuteria-Espa%C3%B1ola-Cuisine---Co-400-g.jpg?v=638776432469670000",
    "productUrl": "https://www.jumbo.cl/maletin-mix-charc-espan-400g-cuisine-and-co-2000407/p",
    "in_stock": true,
    "promo_text": null,
    "sku": "138850",
    "rating": null,
    "description": null
  },
  {
    "id": "24450",
    "name": "Queso Chanco El Roble Envasado Laminado 500 g",
    "brand": "El Roble",
    "category": "quesos-y-fiambres",
    "price": 7990,
    "price_original": null,
    "currency": "CLP",
    "size": null,
    "unit_price": 15980,
    "image_url": "https://jumbocl.vteximg.com.br/arquivos/ids/305358-250-250/Queso-Chanco-El-Roble-Envasado-Laminado-500-g.jpg?v=638776381506800000",
    "productUrl": "https://www.jumbo.cl/queso-mantecoso-el-roble-laminado-500-g/p",
    "in_stock": true,
    "promo_text": null,
    "sku": "24450",
    "rating": 5,
    "description": null
  },
  {
    "id": "150485",
    "name": "Salame La Preferida Snackin Spicy 50 g",
    "brand": "San Jorge",
    "category": "quesos-y-fiambres",
    "price": 1390,
    "price_original": null,
    "currency": "CLP",
    "size": null,
    "unit_price": 20000,
    "image_url": "https://jumbocl.vteximg.com.br/arquivos/ids/455746-250-250/SALAME-SPICY-50GR.jpg?v=638857141502430000",
    "productUrl": "https://www.jumbo.cl/salame-spicy-50gr-2037000/p",
    "in_stock": true,
    "promo_text": "Lleva 2 por $2.000",
    "sku": "150485",
    "rating": null,
    "description": null
  },
  {
    "id": "139947",
    "name": "Salchichón Cerveza La Preferida 150 g",
    "brand": "La Preferida",
    "category": "quesos-y-fiambres",
    "price": 2390,
    "price_original": null,
    "currency": "CLP",
    "size": null,
    "unit_price": 11000,
    "image_url": "https://jumbocl.vteximg.com.br/arquivos/ids/332512-250-250/Salchichon-Cerveza-La-Preferida-150-g.jpg?v=638776434120400000",
    "productUrl": "https://www.jumbo.cl/salchichon-cerveza-la-preferida-150g-2002650/p",
    "in_stock": true,
    "promo_text": "Lleva 2 por $3.300",
    "sku": "139947",
    "rating": null,
    "description": null
  },
  {
    "id": "18537",
    "name": "Mortadela Jamonada PF Granel",
    "brand": "PF",
    "category": "quesos-y-fiambres",
    "price": 648,
    "price_original": null,
    "currency": "CLP",
    "size": null,
    "unit_price": 6480,
    "image_url": "https://jumbocl.vteximg.com.br/arquivos/ids/352873-250-250/298007.jpg?v=638776694872400000",
    "productUrl": "https://www.jumbo.cl/mortadela-jamonada-pf-granel/p",
    "in_stock": true,
    "promo_text": null,
    "sku": "18537",
    "rating": null,
    "description": null
  },
  {
    "id": "10972",
    "name": "Queso Mantecoso Los Tilos Envasado Trozo 400 g",
    "brand": "Los Tilos",
    "category": "quesos-y-fiambres",
    "price": 7690,
    "price_original": null,
    "currency": "CLP",
    "size": null,
    "unit_price": 19225,
    "image_url": "https://jumbocl.vteximg.com.br/arquivos/ids/437370-250-250/Queso-Mantecoso-Los-Tilos-Envasado-Trozo-400-g.jpg?v=638831038518070000",
    "productUrl": "https://www.jumbo.cl/queso-mantecoso-los-tilos-400-g-2/p",
    "in_stock": true,
    "promo_text": null,
    "sku": "10972",
    "rating": 3.8,
    "description": null
  },
  {
    "id": "106357",
    "name": "Arrollado de Huaso Soler Granel",
    "brand": "Soler",
    "category": "quesos-y-fiambres",
    "price": 1276,
    "price_original": null,
    "currency": "CLP",
    "size": null,
    "unit_price": 12760,
    "image_url": "https://jumbocl.vteximg.com.br/arquivos/ids/431206-250-250/Arrollado-de-Huaso-Soler-Granel.jpg?v=638820569498130000",
    "productUrl": "https://www.jumbo.cl/arrollado-huaso-soler-granel-1892388-kg/p",
    "in_stock": true,
    "promo_text": null,
    "sku": "106357",
    "rating": null,
    "description": null
  },
  {
    "id": "133732",
    "name": "Mortadela Jamonada La Crianza 150 g",
    "brand": "La Crianza",
    "category": "quesos-y-fiambres",
    "price": 1590,
    "price_original": null,
    "currency": "CLP",
    "size": null,
    "unit_price": 10600,
    "image_url": "https://jumbocl.vteximg.com.br/arquivos/ids/322150-250-250/Mortadela-Jamonada-150-g.jpg?v=638776425125900000",
    "productUrl": "https://www.jumbo.cl/mortadela-jamonada-la-crianza-150g-1985436/p",
    "in_stock": true,
    "promo_text": "Paga $1.193",
    "sku": "133732",
    "rating": null,
    "description": null
  },
  {
    "id": "18642",
    "name": "Jamón Serrano Trujillo Etiqueta Verde 180 g",
    "brand": "Trujillo",
    "category": "quesos-y-fiambres",
    "price": 10190,
    "price_original": null,
    "currency": "CLP",
    "size": null,
    "unit_price": 56611,
    "image_url": "https://jumbocl.vteximg.com.br/arquivos/ids/352934-250-250/Principal-17323.jpg?v=638776695153330000",
    "productUrl": "https://www.jumbo.cl/jamon-serrano-trujillo-etiqueta-verde-180-g/p",
    "in_stock": true,
    "promo_text": null,
    "sku": "18642",
    "rating": 4,
    "description": null
  },
  {
    "id": "18668",
    "name": "Salamín Ahumado Receta del Abuelo 200 g",
    "brand": "Receta del Abuelo",
    "category": "quesos-y-fiambres",
    "price": 3990,
    "price_original": null,
    "currency": "CLP",
    "size": null,
    "unit_price": 19950,
    "image_url": "https://jumbocl.vteximg.com.br/arquivos/ids/352946-250-250/Principal-17349.jpg?v=638776695193770000",
    "productUrl": "https://www.jumbo.cl/salamin-ahumado-receta-del-abuelo-200-g/p",
    "in_stock": true,
    "promo_text": null,
    "sku": "18668",
    "rating": null,
    "description": null
  },
  {
    "id": "18669",
    "name": "Pechuga de Pavo Cocida Receta del Abuelo 125 g",
    "brand": "Receta del Abuelo",
    "category": "quesos-y-fiambres",
    "price": 2590,
    "price_original": 3050,
    "currency": "CLP",
    "size": null,
    "unit_price": 20720,
    "image_url": "https://jumbocl.vteximg.com.br/arquivos/ids/352943-250-250/Pechuga-de-pavo-cocida-125-g.jpg?v=638776695192800000",
    "productUrl": "https://www.jumbo.cl/pechuga-de-pavo-cocida-receta-del-abuelo-125-g/p",
    "in_stock": true,
    "promo_text": null,
    "sku": "18669",
    "rating": 4,
    "description": null
  },
  {
    "id": "11155",
    "name": "Salame Italiano San Jorge Granel",
    "brand": "San Jorge",
    "category": "quesos-y-fiambres",
    "price": 1730,
    "price_original": null,
    "currency": "CLP",
    "size": null,
    "unit_price": 17300,
    "image_url": "https://jumbocl.vteximg.com.br/arquivos/ids/350835-250-250/1530157.jpg?v=638776682937500000",
    "productUrl": "https://www.jumbo.cl/salame-italiano-san-jorge-granel-2/p",
    "in_stock": true,
    "promo_text": null,
    "sku": "11155",
    "rating": 5,
    "description": null
  },
  {
    "id": "11139",
    "name": "Tocino Ahumado PF 150 g",
    "brand": "PF",
    "category": "quesos-y-fiambres",
    "price": 3750,
    "price_original": null,
    "currency": "CLP",
    "size": null,
    "unit_price": 25000,
    "image_url": "https://jumbocl.vteximg.com.br/arquivos/ids/350824-250-250/Panceta-ahumada-150-g.jpg?v=638776682884630000",
    "productUrl": "https://www.jumbo.cl/panceta-ahumada-pf-150-g/p",
    "in_stock": true,
    "promo_text": null,
    "sku": "11139",
    "rating": 4,
    "description": null
  },
  {
    "id": "106328",
    "name": "Jamonada Centenario La Preferida Granel",
    "brand": "La Preferida",
    "category": "quesos-y-fiambres",
    "price": 756,
    "price_original": 980,
    "currency": "CLP",
    "size": null,
    "unit_price": 7560,
    "image_url": "https://jumbocl.vteximg.com.br/arquivos/ids/375534-250-250/1898640-KG-01_610780.jpg?v=638776804069170000",
    "productUrl": "https://www.jumbo.cl/jamonada-centenario-la-preferida-granel-1898640-kg/p",
    "in_stock": true,
    "promo_text": "Paga $676",
    "sku": "106328",
    "rating": null,
    "description": null
  },
  {
    "id": "11082",
    "name": "Paté de Ternera La Piara 125 g",
    "brand": "La Piara",
    "category": "quesos-y-fiambres",
    "price": 1990,
    "price_original": null,
    "currency": "CLP",
    "size": null,
    "unit_price": 12000,
    "image_url": "https://jumbocl.vteximg.com.br/arquivos/ids/350802-250-250/Principal-3108.jpg?v=638776682759670000",
    "productUrl": "https://www.jumbo.cl/pate-de-ternera-la-piara-125-g/p",
    "in_stock": true,
    "promo_text": "Lleva 2 por $3.000",
    "sku": "11082",
    "rating": 2,
    "description": null
  },
  {
    "id": "11146",
    "name": "Salamín Ahumado PF 200 g",
    "brand": "PF",
    "category": "quesos-y-fiambres",
    "price": 3550,
    "price_original": null,
    "currency": "CLP",
    "size": null,
    "unit_price": 17750,
    "image_url": "https://jumbocl.vteximg.com.br/arquivos/ids/350831-250-250/Salamin-ahumado-200-g.jpg?v=638776682912770000",
    "productUrl": "https://www.jumbo.cl/salamin-ahumado-pf-200-g/p",
    "in_stock": true,
    "promo_text": null,
    "sku": "11146",
    "rating": null,
    "description": null
  },
  {
    "id": "24529",
    "name": "Queso Mantecoso Las Aguilas Envasado Trozo 360 g",
    "brand": "Las Aguilas",
    "category": "quesos-y-fiambres",
    "price": 4990,
    "price_original": null,
    "currency": "CLP",
    "size": null,
    "unit_price": 13861,
    "image_url": "https://jumbocl.vteximg.com.br/arquivos/ids/355037-250-250/1473085.jpg?v=638776704981700000",
    "productUrl": "https://www.jumbo.cl/queso-mantecoso-kosher-trozo-las-aguilas-360-g/p",
    "in_stock": true,
    "promo_text": null,
    "sku": "24529",
    "rating": 5,
    "description": null
  },
  {
    "id": "81787",
    "name": "Salame Ahumado San Jorge 100 g",
    "brand": "San Jorge",
    "category": "quesos-y-fiambres",
    "price": 1990,
    "price_original": null,
    "currency": "CLP",
    "size": null,
    "unit_price": 19900,
    "image_url": "https://jumbocl.vteximg.com.br/arquivos/ids/311272-250-250/Salame-ahumado-100-g.jpg?v=638776393265000000",
    "productUrl": "https://www.jumbo.cl/salame-ahumado-sj-100-g/p",
    "in_stock": true,
    "promo_text": null,
    "sku": "81787",
    "rating": null,
    "description": null
  },
  {
    "id": "153822",
    "name": "Salame Snackin La Preferida 108 g 6 un.",
    "brand": "La Preferida",
    "category": "quesos-y-fiambres",
    "price": 2990,
    "price_original": 4590,
    "currency": "CLP",
    "size": null,
    "unit_price": 27685,
    "image_url": "https://jumbocl.vteximg.com.br/arquivos/ids/484540-250-250/SALAME-SNACKIN-LA-PREFERIDA-6UN-108G.jpg?v=638889829026830000",
    "productUrl": "https://www.jumbo.cl/salame-snackin-la-preferida-6un-108g-2044557/p",
    "in_stock": true,
    "promo_text": null,
    "sku": "153822",
    "rating": null,
    "description": null
  },
  {
    "id": "93101",
    "name": "Salchichón Cerveza Soler Granel",
    "brand": "Soler",
    "category": "quesos-y-fiambres",
    "price": 956,
    "price_original": null,
    "currency": "CLP",
    "size": null,
    "unit_price": 9560,
    "image_url": "https://jumbocl.vteximg.com.br/arquivos/ids/431163-250-250/Salchichon-Cerveza-Soler-Granel.jpg?v=638819719528270000",
    "productUrl": "https://www.jumbo.cl/salchichon-cerveza-soler-granel/p",
    "in_stock": true,
    "promo_text": null,
    "sku": "93101",
    "rating": null,
    "description": null
  },
  {
    "id": "93100",
    "name": "Mortadela Jamonada Soler Granel",
    "brand": "Soler",
    "category": "quesos-y-fiambres",
    "price": 836,
    "price_original": null,
    "currency": "CLP",
    "size": null,
    "unit_price": 8360,
    "image_url": "https://jumbocl.vteximg.com.br/arquivos/ids/431162-250-250/Mortadela-Jamonada-Soler-Granel.jpg?v=638819719514630000",
    "productUrl": "https://www.jumbo.cl/mortadela-jamonada-soler-granel/p",
    "in_stock": true,
    "promo_text": null,
    "sku": "93100",
    "rating": 4.7,
    "description": null
  },
  {
    "id": "93099",
    "name": "Arrollado de Lomo Soler Granel",
    "brand": "Soler",
    "category": "quesos-y-fiambres",
    "price": 860,
    "price_original": null,
    "currency": "CLP",
    "size": null,
    "unit_price": 8600,
    "image_url": "https://jumbocl.vteximg.com.br/arquivos/ids/431161-250-250/Arrollado-de-Lomo-Soler-Granel.jpg?v=638819719501400000",
    "productUrl": "https://www.jumbo.cl/arrollado-lomo-soler-granel/p",
    "in_stock": true,
    "promo_text": null,
    "sku": "93099",
    "rating": null,
    "description": null
  },
  {
    "id": "24323",
    "name": "Queso Mantecoso Los Tilos Trozo Granel",
    "brand": "Los Tilos",
    "category": "quesos-y-fiambres",
    "price": 1636,
    "price_original": null,
    "currency": "CLP",
    "size": null,
    "unit_price": 16360,
    "image_url": "https://jumbocl.vteximg.com.br/arquivos/ids/304993-250-250/Queso-Mantecoso-Los-Tilos-Trozo-Granel.jpg?v=638776380994230000",
    "productUrl": "https://www.jumbo.cl/queso-mantecoso-los-tilos-granel/p",
    "in_stock": true,
    "promo_text": null,
    "sku": "24323",
    "rating": 5,
    "description": null
  },
  {
    "id": "111995",
    "name": "Taco Jamón Serrano Cuisine & Co Reserva 350 g",
    "brand": "Cuisine & Co",
    "category": "quesos-y-fiambres",
    "price": 11990,
    "price_original": null,
    "currency": "CLP",
    "size": null,
    "unit_price": 34257,
    "image_url": "https://jumbocl.vteximg.com.br/arquivos/ids/378986-250-250/Taco-jamon-serrano-reserva-350-g.jpg?v=638776817473900000",
    "productUrl": "https://www.jumbo.cl/taco-jamon-serrano-reserva-350g-c-and-co-1899353/p",
    "in_stock": true,
    "promo_text": null,
    "sku": "111995",
    "rating": 5,
    "description": null
  },
  {
    "id": "118181",
    "name": "Sucedáneo Paté Vegan Deli Natural 150 g",
    "brand": "Vegan Deli",
    "category": "quesos-y-fiambres",
    "price": 4350,
    "price_original": null,
    "currency": "CLP",
    "size": null,
    "unit_price": 29000,
    "image_url": "https://jumbocl.vteximg.com.br/arquivos/ids/383498-250-250/Sucedaneo-pate-natural-150-g.jpg?v=638776835771030000",
    "productUrl": "https://www.jumbo.cl/sucedaneo-pate-natural-vegan-deli-150gr-1927672/p",
    "in_stock": true,
    "promo_text": null,
    "sku": "118181",
    "rating": 4.9,
    "description": null
  },
  {
    "id": "10815",
    "name": "Jamón Serrano Los Astures 80 g",
    "brand": "Los Astures",
    "category": "quesos-y-fiambres",
    "price": 4390,
    "price_original": null,
    "currency": "CLP",
    "size": null,
    "unit_price": 54875,
    "image_url": "https://jumbocl.vteximg.com.br/arquivos/ids/350707-250-250/297408-01_10071.jpg?v=638776682351930000",
    "productUrl": "https://www.jumbo.cl/jamon-serrano-los-astures-100-g-2/p",
    "in_stock": true,
    "promo_text": null,
    "sku": "10815",
    "rating": 5,
    "description": null
  },
  {
    "id": "132126",
    "name": "Salame Ahumado PF 75 g",
    "brand": "PF",
    "category": "quesos-y-fiambres",
    "price": 1240,
    "price_original": null,
    "currency": "CLP",
    "size": null,
    "unit_price": 16533,
    "image_url": "https://jumbocl.vteximg.com.br/arquivos/ids/321339-250-250/Salame-Ahumado-PF-75-g.jpg?v=638776423019600000",
    "productUrl": "https://www.jumbo.cl/salame-ahumado-pf-75g-1839622/p",
    "in_stock": true,
    "promo_text": null,
    "sku": "132126",
    "rating": null,
    "description": null
  },
  {
    "id": "10958",
    "name": "Queso Mantecoso Las Aguilas Trozo Granel",
    "brand": "Las Aguilas",
    "category": "quesos-y-fiambres",
    "price": 1340,
    "price_original": null,
    "currency": "CLP",
    "size": null,
    "unit_price": 13400,
    "image_url": "https://jumbocl.vteximg.com.br/arquivos/ids/301766-250-250/Queso-Mantecoso-Las-Aguilas-Trozo-Granel.jpg?v=638776375338330000",
    "productUrl": "https://www.jumbo.cl/queso-mantecoso-las-aguilas-granel/p",
    "in_stock": true,
    "promo_text": null,
    "sku": "10958",
    "rating": 5,
    "description": null
  },
  {
    "id": "11079",
    "name": "Pasta de Pechuga de Pollo La Piara 115 g",
    "brand": "La Piara",
    "category": "quesos-y-fiambres",
    "price": 2590,
    "price_original": null,
    "currency": "CLP",
    "size": null,
    "unit_price": 17391,
    "image_url": "https://jumbocl.vteximg.com.br/arquivos/ids/350801-250-250/Principal-3110.jpg?v=638776682759500000",
    "productUrl": "https://www.jumbo.cl/pasta-de-pechuga-de-pollo-la-piara-115-g/p",
    "in_stock": true,
    "promo_text": "Lleva 2 por $4.000",
    "sku": "11079",
    "rating": null,
    "description": null
  },
  {
    "id": "73930",
    "name": "Salamini Snack Receta del Abuelo",
    "brand": "Receta del Abuelo",
    "category": "quesos-y-fiambres",
    "price": 2450,
    "price_original": null,
    "currency": "CLP",
    "size": null,
    "unit_price": 24500,
    "image_url": "https://jumbocl.vteximg.com.br/arquivos/ids/362742-250-250/1789615-01_72819.jpg?v=638776744680270000",
    "productUrl": "https://www.jumbo.cl/saiamini-snack-receta-del-abuelo/p",
    "in_stock": true,
    "promo_text": null,
    "sku": "73930",
    "rating": 5,
    "description": null
  },
  {
    "id": "130262",
    "name": "Mortadela Lisa San Jorge 250 g",
    "brand": "San Jorge",
    "category": "quesos-y-fiambres",
    "price": 1890,
    "price_original": null,
    "currency": "CLP",
    "size": null,
    "unit_price": 7560,
    "image_url": "https://jumbocl.vteximg.com.br/arquivos/ids/320623-250-250/Mortadela-Lisa-San-Jorge-250-g.jpg?v=638776421050430000",
    "productUrl": "https://www.jumbo.cl/mortadela-lisa-san-jorge-250gr-1892589/p",
    "in_stock": true,
    "promo_text": null,
    "sku": "130262",
    "rating": null,
    "description": null
  },
  {
    "id": "10966",
    "name": "Queso Mantecoso Longavi Trozo Granel",
    "brand": "Longavi",
    "category": "quesos-y-fiambres",
    "price": 1516,
    "price_original": null,
    "currency": "CLP",
    "size": null,
    "unit_price": 15160,
    "image_url": "https://jumbocl.vteximg.com.br/arquivos/ids/301834-250-250/Queso-Mantecoso-Longavi-Trozo-Granel.jpg?v=638776375437130000",
    "productUrl": "https://www.jumbo.cl/queso-mantecoso-longavi-granel/p",
    "in_stock": true,
    "promo_text": null,
    "sku": "10966",
    "rating": 4.5,
    "description": null
  },
  {
    "id": "118180",
    "name": "Sucedáneo Paté Vegan Deli French 150 g",
    "brand": "Vegan Deli",
    "category": "quesos-y-fiambres",
    "price": 4350,
    "price_original": null,
    "currency": "CLP",
    "size": null,
    "unit_price": 29000,
    "image_url": "https://jumbocl.vteximg.com.br/arquivos/ids/383493-250-250/Sucedaneo-pate-french-150-g.jpg?v=638776835762000000",
    "productUrl": "https://www.jumbo.cl/sucedaneo-pate-french-vegan-deli-150gr-1927673/p",
    "in_stock": true,
    "promo_text": null,
    "sku": "118180",
    "rating": 5,
    "description": null
  },
  {
    "id": "149253",
    "name": "Salame Pieza Soler 200 g",
    "brand": "Soler",
    "category": "quesos-y-fiambres",
    "price": 3590,
    "price_original": null,
    "currency": "CLP",
    "size": null,
    "unit_price": 17950,
    "image_url": "https://jumbocl.vteximg.com.br/arquivos/ids/436227-250-250/Salame-Pieza-Soler-200-g.jpg?v=638827842068200000",
    "productUrl": "https://www.jumbo.cl/salame-pieza-200g-2032650/p",
    "in_stock": true,
    "promo_text": null,
    "sku": "149253",
    "rating": null,
    "description": null
  },
  {
    "id": "149252",
    "name": "Pepperoni Pieza Soler 200 g",
    "brand": "Soler",
    "category": "quesos-y-fiambres",
    "price": 3650,
    "price_original": null,
    "currency": "CLP",
    "size": null,
    "unit_price": 18250,
    "image_url": "https://jumbocl.vteximg.com.br/arquivos/ids/436221-250-250/Pepperoni-Pieza-Soler-200-g.jpg?v=638827842056270000",
    "productUrl": "https://www.jumbo.cl/pepperoni-pie-200g-2032649/p",
    "in_stock": true,
    "promo_text": null,
    "sku": "149252",
    "rating": null,
    "description": null
  },
  {
    "id": "151174",
    "name": "Paté Doña Rosita Vegano 150 g",
    "brand": "Doña Rosita",
    "category": "quesos-y-fiambres",
    "price": 2690,
    "price_original": null,
    "currency": "CLP",
    "size": null,
    "unit_price": 17933,
    "image_url": "https://jumbocl.vteximg.com.br/arquivos/ids/458272-250-250/SUCEDANEO-PATE150G.jpg?v=638858928706930000",
    "productUrl": "https://www.jumbo.cl/sucedaneo-pate150g-2038691/p",
    "in_stock": true,
    "promo_text": null,
    "sku": "151174",
    "rating": null,
    "description": null
  },
  {
    "id": "82568",
    "name": "Pechuga de Pavo PF Finissimas 125 g",
    "brand": "PF",
    "category": "quesos-y-fiambres",
    "price": 2390,
    "price_original": 2990,
    "currency": "CLP",
    "size": null,
    "unit_price": 19120,
    "image_url": "https://jumbocl.vteximg.com.br/arquivos/ids/311316-250-250/Pechuga-de-pavo-Finissimas-125-g.jpg?v=638776393483630000",
    "productUrl": "https://www.jumbo.cl/pechuga-de-pavo-finissima-pf/p",
    "in_stock": true,
    "promo_text": null,
    "sku": "82568",
    "rating": 5,
    "description": null
  },
  {
    "id": "147792",
    "name": "Salame Laminado A Granel Soler",
    "brand": "Soler",
    "category": "quesos-y-fiambres",
    "price": 1790,
    "price_original": null,
    "currency": "CLP",
    "size": null,
    "unit_price": 17900,
    "image_url": "https://jumbocl.vteximg.com.br/arquivos/ids/430807-250-250/Salame-Laminado-Granel-Soler.jpg?v=638819699945470000",
    "productUrl": "https://www.jumbo.cl/salame-laminado-granel-soler-2029243-kg/p",
    "in_stock": true,
    "promo_text": null,
    "sku": "147792",
    "rating": null,
    "description": null
  },
  {
    "id": "139968",
    "name": "Queso Mantecoso Río Bueno Trozo 400 g",
    "brand": "Colun",
    "category": "quesos-y-fiambres",
    "price": 4690,
    "price_original": 6290,
    "currency": "CLP",
    "size": null,
    "unit_price": 11725,
    "image_url": "https://jumbocl.vteximg.com.br/arquivos/ids/332555-250-250/Queso-Mantecoso-Rio-Bueno-Trozo-400-g.jpg?v=638776434158900000",
    "productUrl": "https://www.jumbo.cl/queso-mantecoso-rio-bueno-trozo-400g-2005229/p",
    "in_stock": true,
    "promo_text": null,
    "sku": "139968",
    "rating": null,
    "description": null
  },
  {
    "id": "103779",
    "name": "Tocino Parrillero La Preferida 180 g",
    "brand": "La Preferida",
    "category": "quesos-y-fiambres",
    "price": 4590,
    "price_original": null,
    "currency": "CLP",
    "size": null,
    "unit_price": 25500,
    "image_url": "https://jumbocl.vteximg.com.br/arquivos/ids/314266-250-250/Tocino-parrillero-180-g.jpg?v=638776401554330000",
    "productUrl": "https://www.jumbo.cl/tocino-parrillero-180-g/p",
    "in_stock": true,
    "promo_text": null,
    "sku": "103779",
    "rating": null,
    "description": null
  },
  {
    "id": "119416",
    "name": "Salame Ahumado Receta del Abuelo 100 g",
    "brand": "Receta del Abuelo",
    "category": "quesos-y-fiambres",
    "price": 2150,
    "price_original": null,
    "currency": "CLP",
    "size": null,
    "unit_price": 21500,
    "image_url": "https://jumbocl.vteximg.com.br/arquivos/ids/384542-250-250/SALAME-AHUMADO-RECETA-DEL-ABUELO-100G.jpg?v=638776840637270000",
    "productUrl": "https://www.jumbo.cl/salame-ahumado-receta-del-abuelo-100g-1939699/p",
    "in_stock": true,
    "promo_text": null,
    "sku": "119416",
    "rating": null,
    "description": null
  },
  {
    "id": "87381",
    "name": "Queso Mantecoso Longavi Envasado Trozo 350 g",
    "brand": "Longavi",
    "category": "quesos-y-fiambres",
    "price": 6290,
    "price_original": null,
    "currency": "CLP",
    "size": null,
    "unit_price": 17971,
    "image_url": "https://jumbocl.vteximg.com.br/arquivos/ids/365965-250-250/Queso-mantecoso-350-g.jpg?v=638776761379230000",
    "productUrl": "https://www.jumbo.cl/queso-mantecoso-350-g/p",
    "in_stock": true,
    "promo_text": null,
    "sku": "87381",
    "rating": 4.7,
    "description": null
  },
  {
    "id": "111630",
    "name": "Antipasto Clásico Beretta 100 g",
    "brand": "Beretta",
    "category": "quesos-y-fiambres",
    "price": 5450,
    "price_original": null,
    "currency": "CLP",
    "size": null,
    "unit_price": 54500,
    "image_url": "https://jumbocl.vteximg.com.br/arquivos/ids/378572-250-250/Antipasto-clasico-100-g.jpg?v=638776816035170000",
    "productUrl": "https://www.jumbo.cl/antipasto-clasico-beretta-100gr-1898646/p",
    "in_stock": true,
    "promo_text": null,
    "sku": "111630",
    "rating": 5,
    "description": null
  },
  {
    "id": "10844",
    "name": "Pechuga Pavo Asada Premium Al Vacío 500 g",
    "brand": "Jumbo Artesanal",
    "category": "quesos-y-fiambres",
    "price": 11980,
    "price_original": null,
    "currency": "CLP",
    "size": null,
    "unit_price": 23960,
    "image_url": "https://jumbocl.vteximg.com.br/arquivos/ids/302239-250-250/Pechuga-de-pavo-asada-Premium-250-g-aprox.jpg?v=638776375918830000",
    "productUrl": "https://www.jumbo.cl/pechuga-pavo-asada-jumbo-bandeja-30/p",
    "in_stock": true,
    "promo_text": null,
    "sku": "10844",
    "rating": 3.7,
    "description": null
  },
  {
    "id": "18641",
    "name": "Jamón Serrano Trujillo Etiqueta Roja 180 g",
    "brand": "Trujillo",
    "category": "quesos-y-fiambres",
    "price": 9090,
    "price_original": null,
    "currency": "CLP",
    "size": null,
    "unit_price": 50500,
    "image_url": "https://jumbocl.vteximg.com.br/arquivos/ids/352933-250-250/Jamon-serrano-Trujillo-etiqueta-roja-180-g.jpg?v=638776695147600000",
    "productUrl": "https://www.jumbo.cl/jamon-serrano-trujillo-etiqueta-roja-180-g/p",
    "in_stock": true,
    "promo_text": null,
    "sku": "18641",
    "rating": null,
    "description": null
  },
  {
    "id": "56939",
    "name": "Queso Mantecoso San Ignacio Envasado Laminado 500 g",
    "brand": "San Ignacio",
    "category": "quesos-y-fiambres",
    "price": 8350,
    "price_original": null,
    "currency": "CLP",
    "size": null,
    "unit_price": 16700,
    "image_url": "https://jumbocl.vteximg.com.br/arquivos/ids/360113-250-250/Principal-359077.jpg?v=638776731194530000",
    "productUrl": "https://www.jumbo.cl/queso-mantecoso-san-ignacio-lam-500-gr/p",
    "in_stock": true,
    "promo_text": null,
    "sku": "56939",
    "rating": 5,
    "description": null
  },
  {
    "id": "111548",
    "name": "Salame Milano Beretta Granel",
    "brand": "Beretta",
    "category": "quesos-y-fiambres",
    "price": 2020,
    "price_original": null,
    "currency": "CLP",
    "size": null,
    "unit_price": 20200,
    "image_url": "https://jumbocl.vteximg.com.br/arquivos/ids/378480-250-250/Salame-milano-kg.jpg?v=638776815593270000",
    "productUrl": "https://www.jumbo.cl/salame-milano-beretta-granel-1897787-kg/p",
    "in_stock": true,
    "promo_text": null,
    "sku": "111548",
    "rating": 5,
    "description": null
  },
  {
    "id": "112005",
    "name": "Lomo de Cebo Ibérico 50% 80 g",
    "brand": "Cuisine & Co",
    "category": "quesos-y-fiambres",
    "price": 5990,
    "price_original": 7590,
    "currency": "CLP",
    "size": null,
    "unit_price": 74875,
    "image_url": "https://jumbocl.vteximg.com.br/arquivos/ids/379008-250-250/Lomo-de-cebo-iberico-50--80-g.jpg?v=638776817588730000",
    "productUrl": "https://www.jumbo.cl/lomo-de-cebo-iberico-50-80g-c-and-co-1899363/p",
    "in_stock": true,
    "promo_text": null,
    "sku": "112005",
    "rating": null,
    "description": null
  },
  {
    "id": "10816",
    "name": "Jamón Serrano Los Astures Lonchado 180 g",
    "brand": "Los Astures",
    "category": "quesos-y-fiambres",
    "price": 8850,
    "price_original": null,
    "currency": "CLP",
    "size": null,
    "unit_price": 49167,
    "image_url": "https://jumbocl.vteximg.com.br/arquivos/ids/350709-250-250/297407-01_10072.jpg?v=638776682355400000",
    "productUrl": "https://www.jumbo.cl/jamon-serrano-los-astures-200-g-2/p",
    "in_stock": true,
    "promo_text": null,
    "sku": "10816",
    "rating": 5,
    "description": null
  },
  {
    "id": "119814",
    "name": "Panceta Afumicatta Beretta 90 g",
    "brand": "Beretta",
    "category": "quesos-y-fiambres",
    "price": 4850,
    "price_original": null,
    "currency": "CLP",
    "size": null,
    "unit_price": 53889,
    "image_url": "https://jumbocl.vteximg.com.br/arquivos/ids/384982-250-250/Panceta-Afumicatta-90-g.jpg?v=638776842406030000",
    "productUrl": "https://www.jumbo.cl/panceta-afumicatta-beretta-90gr-1937894/p",
    "in_stock": true,
    "promo_text": null,
    "sku": "119814",
    "rating": null,
    "description": null
  },
  {
    "id": "139330",
    "name": "Paté de Ternera Emporio Alemán 125 g",
    "brand": "Easa",
    "category": "quesos-y-fiambres",
    "price": 1590,
    "price_original": null,
    "currency": "CLP",
    "size": null,
    "unit_price": 10000,
    "image_url": "https://jumbocl.vteximg.com.br/arquivos/ids/331856-250-250/Pate-de-Ternera-Emporio-Aleman-125-g.jpg?v=638776433531500000",
    "productUrl": "https://www.jumbo.cl/pate-ternera-emporio-125g-1992136/p",
    "in_stock": true,
    "promo_text": "Lleva 2 por $2.500",
    "sku": "139330",
    "rating": null,
    "description": null
  },
  {
    "id": "138839",
    "name": "Queso Mantecoso Cuisine & Co Laminado kg",
    "brand": "Cuisine & Co",
    "category": "quesos-y-fiambres",
    "price": 2198,
    "price_original": 2472,
    "currency": "CLP",
    "size": null,
    "unit_price": 10990,
    "image_url": "https://jumbocl.vteximg.com.br/arquivos/ids/330829-250-250/Queso-Mantecoso-Cuisine---Co-Laminado-1-kg.jpg?v=638776432717700000",
    "productUrl": "https://www.jumbo.cl/que-mantecoso-lam-kg-cuisine-and-co-nbe-mp-2001110-kg/p",
    "in_stock": true,
    "promo_text": null,
    "sku": "138839",
    "rating": null,
    "description": null
  },
  {
    "id": "123054",
    "name": "Queso Mantecoso Los Criadores Envasado Laminado 350 g",
    "brand": "Los Criadores",
    "category": "quesos-y-fiambres",
    "price": 6490,
    "price_original": null,
    "currency": "CLP",
    "size": null,
    "unit_price": 18543,
    "image_url": "https://jumbocl.vteximg.com.br/arquivos/ids/388502-250-250/Queso-laminado-350-g.jpg?v=638776856089900000",
    "productUrl": "https://www.jumbo.cl/queso-laminado-criadores-350gr-1956806/p",
    "in_stock": true,
    "promo_text": null,
    "sku": "123054",
    "rating": null,
    "description": null
  },
  {
    "id": "87382",
    "name": "Queso Mantecoso Los Criadores Envasado Trozo 350 g",
    "brand": "Los Criadores",
    "category": "quesos-y-fiambres",
    "price": 6750,
    "price_original": null,
    "currency": "CLP",
    "size": null,
    "unit_price": 19286,
    "image_url": "https://jumbocl.vteximg.com.br/arquivos/ids/365968-250-250/Queso-mantecoso-350-g.jpg?v=638776761383430000",
    "productUrl": "https://www.jumbo.cl/queso-mantecoso-350-g-2/p",
    "in_stock": true,
    "promo_text": null,
    "sku": "87382",
    "rating": null,
    "description": null
  },
  {
    "id": "130272",
    "name": "Salame Al Tartufo Beretta 100 g",
    "brand": "Crazy Lazy",
    "category": "quesos-y-fiambres",
    "price": 5750,
    "price_original": null,
    "currency": "CLP",
    "size": null,
    "unit_price": 57500,
    "image_url": "https://jumbocl.vteximg.com.br/arquivos/ids/320510-250-250/Salame-Al-Tartufo-Beretta-100-g.jpg?v=638776420667130000",
    "productUrl": "https://www.jumbo.cl/salame-al-tartufo-beretta-100g-1976536/p",
    "in_stock": true,
    "promo_text": null,
    "sku": "130272",
    "rating": null,
    "description": null
  },
  {
    "id": "111631",
    "name": "Prosciutto Crudo Beretta 110 g",
    "brand": "Beretta",
    "category": "quesos-y-fiambres",
    "price": 6150,
    "price_original": null,
    "currency": "CLP",
    "size": null,
    "unit_price": 55909,
    "image_url": "https://jumbocl.vteximg.com.br/arquivos/ids/378575-250-250/Prosciutto-crudo-110-g.jpg?v=638776816039200000",
    "productUrl": "https://www.jumbo.cl/prosciutto-crudo-beretta-110gr-1898643/p",
    "in_stock": true,
    "promo_text": null,
    "sku": "111631",
    "rating": null,
    "description": null
  },
  {
    "id": "60226",
    "name": "Queso Mantecoso Trozo Kastanon 500 g",
    "brand": "Kastanon",
    "category": "quesos-y-fiambres",
    "price": 5990,
    "price_original": 8450,
    "currency": "CLP",
    "size": null,
    "unit_price": 11980,
    "image_url": "https://jumbocl.vteximg.com.br/arquivos/ids/489478-250-250/Queso-Mantecoso-Kastanon-500-g.jpg?v=638900926241300000",
    "productUrl": "https://www.jumbo.cl/queso-mantecoso-kastanon-500gr-2/p",
    "in_stock": true,
    "promo_text": null,
    "sku": "60226",
    "rating": 3.9,
    "description": null
  },
  {
    "id": "101612",
    "name": "Jamón Prosciutto Bellagio Delizia Crudo 250 g",
    "brand": "Bellagio",
    "category": "quesos-y-fiambres",
    "price": 12290,
    "price_original": null,
    "currency": "CLP",
    "size": null,
    "unit_price": 49160,
    "image_url": "https://jumbocl.vteximg.com.br/arquivos/ids/313717-250-250/Jamon-Prosciutto-Delizia-Crudo-250-g.jpg?v=638776400306470000",
    "productUrl": "https://www.jumbo.cl/jamon-crudo-delizia-250gr-bellagio-1867342/p",
    "in_stock": true,
    "promo_text": null,
    "sku": "101612",
    "rating": null,
    "description": null
  },
  {
    "id": "111506",
    "name": "Salchichón Cervecero Receta del Abuelo kg",
    "brand": "Receta del Abuelo",
    "category": "quesos-y-fiambres",
    "price": 956,
    "price_original": null,
    "currency": "CLP",
    "size": null,
    "unit_price": 9560,
    "image_url": "https://jumbocl.vteximg.com.br/arquivos/ids/378462-250-250/SALCHICHON-CERVECERO-RDA-GRANEL.jpg?v=638776815504570000",
    "productUrl": "https://www.jumbo.cl/salchichon-cervecero-rda-granel-1905122-kg/p",
    "in_stock": true,
    "promo_text": null,
    "sku": "111506",
    "rating": null,
    "description": null
  },
  {
    "id": "99324",
    "name": "Arrollado Lomo con Ají San Jorge 150 g",
    "brand": "San Jorge",
    "category": "quesos-y-fiambres",
    "price": 1590,
    "price_original": null,
    "currency": "CLP",
    "size": null,
    "unit_price": 10600,
    "image_url": "https://jumbocl.vteximg.com.br/arquivos/ids/313254-250-250/Arrollado-lomo-con-aji-150-g.jpg?v=638776399192630000",
    "productUrl": "https://www.jumbo.cl/arrollado-lomo-con-aji-sj-150-g-1833651/p",
    "in_stock": true,
    "promo_text": null,
    "sku": "99324",
    "rating": null,
    "description": null
  },
  {
    "id": "56908",
    "name": "Queso Mantecoso La Rotunda Envasado Laminado 500 g",
    "brand": "La Rotunda",
    "category": "quesos-y-fiambres",
    "price": 7750,
    "price_original": null,
    "currency": "CLP",
    "size": null,
    "unit_price": 15500,
    "image_url": "https://jumbocl.vteximg.com.br/arquivos/ids/308933-250-250/Queso-Mantecoso-La-Rotunda-Laminado-500-g.jpg?v=638776387794830000",
    "productUrl": "https://www.jumbo.cl/queso-mantecoso-la-rotunda-lam-500-gr/p",
    "in_stock": true,
    "promo_text": null,
    "sku": "56908",
    "rating": 5,
    "description": null
  },
  {
    "id": "111660",
    "name": "Coppa Beretta 90 g",
    "brand": "Beretta",
    "category": "quesos-y-fiambres",
    "price": 5250,
    "price_original": null,
    "currency": "CLP",
    "size": null,
    "unit_price": 58333,
    "image_url": "https://jumbocl.vteximg.com.br/arquivos/ids/378629-250-250/COPPA-BERETTA-90GR.jpg?v=638776816233570000",
    "productUrl": "https://www.jumbo.cl/coppa-beretta-90gr-1898644/p",
    "in_stock": true,
    "promo_text": null,
    "sku": "111660",
    "rating": null,
    "description": null
  },
  {
    "id": "138262",
    "name": "Pepperoni Soler 150 g",
    "brand": "Soler",
    "category": "quesos-y-fiambres",
    "price": 2790,
    "price_original": null,
    "currency": "CLP",
    "size": null,
    "unit_price": 18600,
    "image_url": "https://jumbocl.vteximg.com.br/arquivos/ids/433916-250-250/Pepperoni-Soler-150-g.jpg?v=638823540153000000",
    "productUrl": "https://www.jumbo.cl/pepperoni-soler-150g-1997803/p",
    "in_stock": true,
    "promo_text": null,
    "sku": "138262",
    "rating": null,
    "description": null
  },
  {
    "id": "31099",
    "name": "Teewurst Villa Baviera 130 g",
    "brand": "Villa Baviera",
    "category": "quesos-y-fiambres",
    "price": 2090,
    "price_original": null,
    "currency": "CLP",
    "size": null,
    "unit_price": 16077,
    "image_url": "https://jumbocl.vteximg.com.br/arquivos/ids/356039-250-250/1074607.jpg?v=638776710345100000",
    "productUrl": "https://www.jumbo.cl/teewurst-villa-baviera-130-g/p",
    "in_stock": true,
    "promo_text": null,
    "sku": "31099",
    "rating": 5,
    "description": null
  },
  {
    "id": "103865",
    "name": "Pechuga Cocida Sopraval Corte Pluma 120 g",
    "brand": "Sopraval",
    "category": "quesos-y-fiambres",
    "price": 2552,
    "price_original": 3190,
    "currency": "CLP",
    "size": null,
    "unit_price": 21267,
    "image_url": "https://jumbocl.vteximg.com.br/arquivos/ids/374098-250-250/Pechuga-cocida-corte-pluma-120-g.jpg?v=638776798322170000",
    "productUrl": "https://www.jumbo.cl/pechuga-pavo-cocida-corte-pluma-120g-1880212/p",
    "in_stock": true,
    "promo_text": "20% dcto.",
    "sku": "103865",
    "rating": 5,
    "description": null
  },
  {
    "id": "87613",
    "name": "Queso Mantecoso Río Bueno Laminado Extra Grueso 420 g",
    "brand": "Río Bueno",
    "category": "quesos-y-fiambres",
    "price": 6550,
    "price_original": null,
    "currency": "CLP",
    "size": null,
    "unit_price": 15595,
    "image_url": "https://jumbocl.vteximg.com.br/arquivos/ids/311846-250-250/Queso-Lamina-Extra-Gruesa-Rio-Bueno-420-g.jpg?v=638776394792830000",
    "productUrl": "https://www.jumbo.cl/queso-lamina-extra-gruesa-420-g/p",
    "in_stock": true,
    "promo_text": null,
    "sku": "87613",
    "rating": 5,
    "description": null
  },
  {
    "id": "139339",
    "name": "Paté de Cerdo Emporio Alemán 125 g",
    "brand": "Easa",
    "category": "quesos-y-fiambres",
    "price": 1590,
    "price_original": null,
    "currency": "CLP",
    "size": null,
    "unit_price": 12720,
    "image_url": "https://jumbocl.vteximg.com.br/arquivos/ids/331547-250-250/Pate-de-Cerdo-Emporio-Aleman-125-g.jpg?v=638776433239400000",
    "productUrl": "https://www.jumbo.cl/pate-cerdo-emporio-125g-1992135/p",
    "in_stock": true,
    "promo_text": null,
    "sku": "139339",
    "rating": null,
    "description": null
  },
  {
    "id": "14033",
    "name": "Queso Mantecoso La Rotunda Laminado Granel",
    "brand": "La Rotunda",
    "category": "quesos-y-fiambres",
    "price": 1340,
    "price_original": null,
    "currency": "CLP",
    "size": null,
    "unit_price": 13400,
    "image_url": "https://jumbocl.vteximg.com.br/arquivos/ids/303464-250-250/Queso-Mantecoso-La-Rotunda-Laminado-Granel.jpg?v=638776377405170000",
    "productUrl": "https://www.jumbo.cl/queso-mantecoso-la-rotunda-granel/p",
    "in_stock": true,
    "promo_text": null,
    "sku": "14033",
    "rating": null,
    "description": null
  },
  {
    "id": "81937",
    "name": "Prosciutto Delizia Cassini 60 g",
    "brand": "Cassini",
    "category": "quesos-y-fiambres",
    "price": 2950,
    "price_original": null,
    "currency": "CLP",
    "size": null,
    "unit_price": null,
    "image_url": "https://jumbocl.vteximg.com.br/arquivos/ids/364831-250-250/Prosciutto-delizia-60-g-1-127469041.jpg?v=638776755892000000",
    "productUrl": "https://www.jumbo.cl/prosciutto-60-g/p",
    "in_stock": true,
    "promo_text": null,
    "sku": "81937",
    "rating": null,
    "description": null
  },
  {
    "id": "56977",
    "name": "Paté de Cerdo Villa Baviera 130 g",
    "brand": "Villa Baviera",
    "category": "quesos-y-fiambres",
    "price": 1550,
    "price_original": null,
    "currency": "CLP",
    "size": null,
    "unit_price": 11923,
    "image_url": "https://jumbocl.vteximg.com.br/arquivos/ids/360111-250-250/1552294.jpg?v=638776731194070000",
    "productUrl": "https://www.jumbo.cl/leberwurst-pate-de-cerdo-130g/p",
    "in_stock": true,
    "promo_text": null,
    "sku": "56977",
    "rating": null,
    "description": null
  },
  {
    "id": "18725",
    "name": "Jamón Serrano La Preferida 80 g",
    "brand": "La Preferida",
    "category": "quesos-y-fiambres",
    "price": 4150,
    "price_original": null,
    "currency": "CLP",
    "size": null,
    "unit_price": 51875,
    "image_url": "https://jumbocl.vteximg.com.br/arquivos/ids/304014-250-250/Jamon-serrano-80-g.jpg?v=638776378614100000",
    "productUrl": "https://www.jumbo.cl/jamon-serrano-la-preferida-80-g/p",
    "in_stock": true,
    "promo_text": null,
    "sku": "18725",
    "rating": null,
    "description": null
  },
  {
    "id": "150525",
    "name": "Queso Colun Extra Madurado 350 g",
    "brand": "Colun",
    "category": "quesos-y-fiambres",
    "price": 4790,
    "price_original": 5690,
    "currency": "CLP",
    "size": null,
    "unit_price": 13686,
    "image_url": "https://jumbocl.vteximg.com.br/arquivos/ids/462769-250-250/Queso-Colun-Extramadurado-350-g.jpg?v=638869010090200000",
    "productUrl": "https://www.jumbo.cl/queso-ext-mad-350g-2037782/p",
    "in_stock": true,
    "promo_text": null,
    "sku": "150525",
    "rating": null,
    "description": null
  },
  {
    "id": "138276",
    "name": "Salchichón Cerveza Soler 150 g",
    "brand": "Soler",
    "category": "quesos-y-fiambres",
    "price": 1990,
    "price_original": null,
    "currency": "CLP",
    "size": null,
    "unit_price": 13267,
    "image_url": "https://jumbocl.vteximg.com.br/arquivos/ids/329036-250-250/Salchichon-Cerveza-Soler-150-g.jpg?v=638776431468530000",
    "productUrl": "https://www.jumbo.cl/salchichon-cerveza-soler-150g-1997805/p",
    "in_stock": true,
    "promo_text": null,
    "sku": "138276",
    "rating": null,
    "description": null
  },
  {
    "id": "138273",
    "name": "Mortadela Jamonada Soler 150 g",
    "brand": "Soler",
    "category": "quesos-y-fiambres",
    "price": 1890,
    "price_original": null,
    "currency": "CLP",
    "size": null,
    "unit_price": 12600,
    "image_url": "https://jumbocl.vteximg.com.br/arquivos/ids/431137-250-250/Mortadela-Jamonada-Soler-150-g.jpg?v=638819719217230000",
    "productUrl": "https://www.jumbo.cl/mortadela-jamonada-soler-150g-1997804/p",
    "in_stock": true,
    "promo_text": null,
    "sku": "138273",
    "rating": null,
    "description": null
  },
  {
    "id": "127830",
    "name": "Salame Milano Beretta 100 g",
    "brand": "Crazy Lazy",
    "category": "quesos-y-fiambres",
    "price": 4790,
    "price_original": null,
    "currency": "CLP",
    "size": null,
    "unit_price": 47900,
    "image_url": "https://jumbocl.vteximg.com.br/arquivos/ids/319635-250-250/Salame-Milano-Beretta-100-g.jpg?v=638776417919800000",
    "productUrl": "https://www.jumbo.cl/salame-milano-beretta-100-gr-1963612/p",
    "in_stock": true,
    "promo_text": null,
    "sku": "127830",
    "rating": 5,
    "description": null
  },
  {
    "id": "146744",
    "name": "Mini Arrollado Huaso Budapest con Ají 500 g",
    "brand": "Budapest",
    "category": "quesos-y-fiambres",
    "price": 5490,
    "price_original": null,
    "currency": "CLP",
    "size": null,
    "unit_price": 10980,
    "image_url": "https://jumbocl.vteximg.com.br/arquivos/ids/345605-250-250/Mini-Arrollado-de-Huaso-Aji-Budapest-500-g.jpg?v=638776444836600000",
    "productUrl": "https://www.jumbo.cl/mini-arrollado-huaso-aji-budapest-500g-2021812/p",
    "in_stock": true,
    "promo_text": null,
    "sku": "146744",
    "rating": null,
    "description": null
  },
  {
    "id": "152159",
    "name": "Mini Salchichón Cervecero 400 g",
    "brand": "PF",
    "category": "quesos-y-fiambres",
    "price": 2850,
    "price_original": null,
    "currency": "CLP",
    "size": null,
    "unit_price": 7125,
    "image_url": "https://jumbocl.vteximg.com.br/arquivos/ids/466579-250-250/Mini-salchichon-cervecero-400-g.jpg?v=638869981229200000",
    "productUrl": "https://www.jumbo.cl/mini-salchichon-cervecero-400-g-1235241/p",
    "in_stock": true,
    "promo_text": null,
    "sku": "152159",
    "rating": null,
    "description": null
  },
  {
    "id": "18700",
    "name": "Salchichón Cerveza Villa Baviera 200 g",
    "brand": "Villa Baviera",
    "category": "quesos-y-fiambres",
    "price": 3090,
    "price_original": null,
    "currency": "CLP",
    "size": null,
    "unit_price": 15450,
    "image_url": "https://jumbocl.vteximg.com.br/arquivos/ids/352956-250-250/976465.jpg?v=638776695262500000",
    "productUrl": "https://www.jumbo.cl/salchichon-cerveza-villa-baviera-200-g/p",
    "in_stock": true,
    "promo_text": null,
    "sku": "18700",
    "rating": null,
    "description": null
  },
  {
    "id": "113557",
    "name": "Mortadela Jamonada San Jorge 250 g",
    "brand": "San Jorge",
    "category": "quesos-y-fiambres",
    "price": 1950,
    "price_original": null,
    "currency": "CLP",
    "size": null,
    "unit_price": 7800,
    "image_url": "https://jumbocl.vteximg.com.br/arquivos/ids/316026-250-250/Mortadela-jamonada-250-g.jpg?v=638776407206730000",
    "productUrl": "https://www.jumbo.cl/mortadela-jamonada-san-jorge-250gr-1921241/p",
    "in_stock": true,
    "promo_text": null,
    "sku": "113557",
    "rating": null,
    "description": null
  },
  {
    "id": "24483",
    "name": "Queso Mantecoso Quillayes Envasado Laminado 250 g",
    "brand": "Quillayes",
    "category": "quesos-y-fiambres",
    "price": 4190,
    "price_original": null,
    "currency": "CLP",
    "size": null,
    "unit_price": 16760,
    "image_url": "https://jumbocl.vteximg.com.br/arquivos/ids/355024-250-250/Principal-23173.jpg?v=638776704927630000",
    "productUrl": "https://www.jumbo.cl/queso-mantecoso-laminado-quillayes-250-g/p",
    "in_stock": true,
    "promo_text": null,
    "sku": "24483",
    "rating": 4,
    "description": null
  },
  {
    "id": "130206",
    "name": "Salamín Tradicional La Preferida 200 g",
    "brand": "La Preferida",
    "category": "quesos-y-fiambres",
    "price": 4390,
    "price_original": null,
    "currency": "CLP",
    "size": null,
    "unit_price": 21950,
    "image_url": "https://jumbocl.vteximg.com.br/arquivos/ids/320453-250-250/Salamin-Tradicional-200-g.jpg?v=638776420388130000",
    "productUrl": "https://www.jumbo.cl/salamin-tradicional-la-preferida-200gr-1975205/p",
    "in_stock": true,
    "promo_text": null,
    "sku": "130206",
    "rating": null,
    "description": null
  },
  {
    "id": "18696",
    "name": "Salame Ahumado Villa Baviera 150 g",
    "brand": "Villa Baviera",
    "category": "quesos-y-fiambres",
    "price": 3990,
    "price_original": null,
    "currency": "CLP",
    "size": null,
    "unit_price": 26600,
    "image_url": "https://jumbocl.vteximg.com.br/arquivos/ids/352950-250-250/976469.jpg?v=638776695210700000",
    "productUrl": "https://www.jumbo.cl/salame-ahumado-villa-baviera-150-g/p",
    "in_stock": true,
    "promo_text": null,
    "sku": "18696",
    "rating": null,
    "description": null
  },
  {
    "id": "139028",
    "name": "Salame Pepperoni Beretta 80 g",
    "brand": "Beretta",
    "category": "quesos-y-fiambres",
    "price": 3950,
    "price_original": null,
    "currency": "CLP",
    "size": null,
    "unit_price": 49375,
    "image_url": "https://jumbocl.vteximg.com.br/arquivos/ids/331301-250-250/Salame-Pepperoni-Beretta-80-g.jpg?v=638776433043400000",
    "productUrl": "https://www.jumbo.cl/salame-pepperoni-beretta-80-gr-2002051/p",
    "in_stock": true,
    "promo_text": null,
    "sku": "139028",
    "rating": null,
    "description": null
  },
  {
    "id": "10824",
    "name": "Taco Jamón Serrano Trujillo 350 g",
    "brand": "Trujillo",
    "category": "quesos-y-fiambres",
    "price": 14290,
    "price_original": null,
    "currency": "CLP",
    "size": null,
    "unit_price": 40829,
    "image_url": "https://jumbocl.vteximg.com.br/arquivos/ids/350711-250-250/Principal-3312.jpg?v=638776682366100000",
    "productUrl": "https://www.jumbo.cl/jamon-serrano-trujillo-350-g-2/p",
    "in_stock": true,
    "promo_text": null,
    "sku": "10824",
    "rating": 5,
    "description": null
  },
  {
    "id": "111993",
    "name": "Paleta Curada de Cerdo Cuisine & Co Reserva 4 kg",
    "brand": "Cuisine & Co",
    "category": "quesos-y-fiambres",
    "price": 91990,
    "price_original": null,
    "currency": "CLP",
    "size": null,
    "unit_price": 22998,
    "image_url": "https://jumbocl.vteximg.com.br/arquivos/ids/378985-250-250/Paleta-curada-de-cerdo-reserva-4-kg.jpg?v=638776817472970000",
    "productUrl": "https://www.jumbo.cl/paleta-curada-de-cerdo-reserva-4-kg-c-and-co-1899352/p",
    "in_stock": true,
    "promo_text": null,
    "sku": "111993",
    "rating": 3.8,
    "description": null
  },
  {
    "id": "111641",
    "name": "Antipasto Clásico Beretta 120 g",
    "brand": "Beretta",
    "category": "quesos-y-fiambres",
    "price": 6490,
    "price_original": null,
    "currency": "CLP",
    "size": null,
    "unit_price": 54083,
    "image_url": "https://jumbocl.vteximg.com.br/arquivos/ids/378605-250-250/Antipasto-clasico-120-g.jpg?v=638776816141900000",
    "productUrl": "https://www.jumbo.cl/antipasto-clasico-beretta-120gr-1898645/p",
    "in_stock": true,
    "promo_text": null,
    "sku": "111641",
    "rating": null,
    "description": null
  },
  {
    "id": "10969",
    "name": "Queso Mantecoso Los Criadores Trozo Granel",
    "brand": "Los Criadores",
    "category": "quesos-y-fiambres",
    "price": 1836,
    "price_original": null,
    "currency": "CLP",
    "size": null,
    "unit_price": 18360,
    "image_url": "https://jumbocl.vteximg.com.br/arquivos/ids/301855-250-250/Queso-Mantecoso-Los-Criadores-Trozo-Granel.jpg?v=638776375464970000",
    "productUrl": "https://www.jumbo.cl/queso-mantecoso-los-criadores-granel/p",
    "in_stock": true,
    "promo_text": null,
    "sku": "10969",
    "rating": 5,
    "description": null
  },
  {
    "id": "18701",
    "name": "Salame Villa Baviera 500 g",
    "brand": "Villa Baviera",
    "category": "quesos-y-fiambres",
    "price": 10790,
    "price_original": null,
    "currency": "CLP",
    "size": null,
    "unit_price": 21580,
    "image_url": "https://jumbocl.vteximg.com.br/arquivos/ids/352955-250-250/1074606.jpg?v=638776695262330000",
    "productUrl": "https://www.jumbo.cl/salame-villa-baviera-500-g/p",
    "in_stock": true,
    "promo_text": null,
    "sku": "18701",
    "rating": null,
    "description": null
  },
  {
    "id": "10823",
    "name": "Jamón Serrano Trujillo Etiqueta Roja 80 g",
    "brand": "Trujillo",
    "category": "quesos-y-fiambres",
    "price": 4390,
    "price_original": null,
    "currency": "CLP",
    "size": null,
    "unit_price": null,
    "image_url": "https://jumbocl.vteximg.com.br/arquivos/ids/350710-250-250/Principal-3313.jpg?v=638776682357130000",
    "productUrl": "https://www.jumbo.cl/jamon-serrano-etiqueta-roja-trujill-2/p",
    "in_stock": true,
    "promo_text": null,
    "sku": "10823",
    "rating": null,
    "description": null
  },
  {
    "id": "134506",
    "name": "Queso Mantecoso Huilco Envasado Laminado 400 g",
    "brand": "Huilco",
    "category": "quesos-y-fiambres",
    "price": 5590,
    "price_original": null,
    "currency": "CLP",
    "size": null,
    "unit_price": 13975,
    "image_url": "https://jumbocl.vteximg.com.br/arquivos/ids/403192-250-250/Queso-Mantecoso-Laminado-Huilco-400-g.jpg?v=638776910360400000",
    "productUrl": "https://www.jumbo.cl/queso-mantecoso-laminado-huilco-400-gr-1884958/p",
    "in_stock": true,
    "promo_text": null,
    "sku": "134506",
    "rating": 5,
    "description": null
  },
  {
    "id": "138275",
    "name": "Salame Ahumado Soler 150 g",
    "brand": "Soler",
    "category": "quesos-y-fiambres",
    "price": 2890,
    "price_original": null,
    "currency": "CLP",
    "size": null,
    "unit_price": 19267,
    "image_url": "https://jumbocl.vteximg.com.br/arquivos/ids/431136-250-250/Salame-Ahumado-Soler-150-g.jpg?v=638819719207970000",
    "productUrl": "https://www.jumbo.cl/salame-ahumado-soler-150g-1997802/p",
    "in_stock": true,
    "promo_text": null,
    "sku": "138275",
    "rating": null,
    "description": null
  },
  {
    "id": "10821",
    "name": "Pata Gran Reserva Batalle Más de 15 Meses 6.75 kg Aprox",
    "brand": "Batalle",
    "category": "quesos-y-fiambres",
    "price": 159990,
    "price_original": null,
    "currency": "CLP",
    "size": null,
    "unit_price": 23702,
    "image_url": "https://jumbocl.vteximg.com.br/arquivos/ids/301777-250-250/Pata-Gran-Reserva-Batalle-Mas-de-15-Meses-7-kg-Aprox.jpg?v=638776375360200000",
    "productUrl": "https://www.jumbo.cl/pata-reserva-batalle-75-kg-aprox-gran-reserva-mas-de-15-meses-2/p",
    "in_stock": true,
    "promo_text": null,
    "sku": "10821",
    "rating": 4.4,
    "description": null
  },
  {
    "id": "118899",
    "name": "Salame Laminado La Preferida 200 g",
    "brand": "La Preferida",
    "category": "quesos-y-fiambres",
    "price": 4090,
    "price_original": null,
    "currency": "CLP",
    "size": null,
    "unit_price": 20450,
    "image_url": "https://jumbocl.vteximg.com.br/arquivos/ids/316782-250-250/Salame-laminado-200-g.jpg?v=638776410084400000",
    "productUrl": "https://www.jumbo.cl/salame-laminado-lp-200gr-1932697/p",
    "in_stock": true,
    "promo_text": null,
    "sku": "118899",
    "rating": null,
    "description": null
  },
  {
    "id": "56799",
    "name": "Queso Mantecoso San Ignacio Laminado Granel",
    "brand": "San Ignacio",
    "category": "quesos-y-fiambres",
    "price": 1580,
    "price_original": null,
    "currency": "CLP",
    "size": null,
    "unit_price": 15800,
    "image_url": "https://jumbocl.vteximg.com.br/arquivos/ids/309041-250-250/Queso-Mantecoso-San-Ignacio-Laminado-Granel.jpg?v=638776388033870000",
    "productUrl": "https://www.jumbo.cl/queso-mantecoso-san-ignacio-lam-kg/p",
    "in_stock": true,
    "promo_text": null,
    "sku": "56799",
    "rating": 5,
    "description": null
  },
  {
    "id": "18634",
    "name": "Pata de Jamón Serrano Trujillo Paleta Serrana 4.2 kg Aprox + Atril",
    "brand": "Trujillo",
    "category": "quesos-y-fiambres",
    "price": 91590,
    "price_original": null,
    "currency": "CLP",
    "size": null,
    "unit_price": 26169,
    "image_url": "https://jumbocl.vteximg.com.br/arquivos/ids/352926-250-250/Principal-17315.jpg?v=638776695124830000",
    "productUrl": "https://www.jumbo.cl/pata-de-jamon-serrano-trujillo-paleta-serrana-4-2-kg-aprox-atril/p",
    "in_stock": true,
    "promo_text": null,
    "sku": "18634",
    "rating": 4.5,
    "description": null
  },
  {
    "id": "138771",
    "name": "Queso Mantecoso Cuisine & Co Laminado 250 g",
    "brand": "Cuisine & Co",
    "category": "quesos-y-fiambres",
    "price": 3190,
    "price_original": 3650,
    "currency": "CLP",
    "size": null,
    "unit_price": 12760,
    "image_url": "https://jumbocl.vteximg.com.br/arquivos/ids/410267-250-250/Queso-Mantecoso-Cuisine---Co-Laminado-250-g.jpg?v=638790481170100000",
    "productUrl": "https://www.jumbo.cl/que-mantecoso-lam-250g-cuisine-and-co-nbe-mp-2001111/p",
    "in_stock": true,
    "promo_text": null,
    "sku": "138771",
    "rating": null,
    "description": null
  },
  {
    "id": "24495",
    "name": "Queso Mantecoso San Benito Envasado Laminado 500 g",
    "brand": "San Benito",
    "category": "quesos-y-fiambres",
    "price": 8490,
    "price_original": null,
    "currency": "CLP",
    "size": null,
    "unit_price": 16980,
    "image_url": "https://jumbocl.vteximg.com.br/arquivos/ids/305549-250-250/Queso-Mantecoso-San-Benito-Envasado-Laminado-500-g.jpg?v=638776381648470000",
    "productUrl": "https://www.jumbo.cl/queso-mantecoso-laminado-premium-san-benito-500-g/p",
    "in_stock": true,
    "promo_text": null,
    "sku": "24495",
    "rating": null,
    "description": null
  },
  {
    "id": "31140",
    "name": "Salame Villa Baviera 100 g",
    "brand": "Villa Baviera",
    "category": "quesos-y-fiambres",
    "price": 4190,
    "price_original": null,
    "currency": "CLP",
    "size": null,
    "unit_price": 41900,
    "image_url": "https://jumbocl.vteximg.com.br/arquivos/ids/356053-250-250/1083068.jpg?v=638776710408070000",
    "productUrl": "https://www.jumbo.cl/salame-villa-baviera-100-g/p",
    "in_stock": true,
    "promo_text": null,
    "sku": "31140",
    "rating": null,
    "description": null
  },
  {
    "id": "70800",
    "name": "Queso Mantecoso Huentelauquen Trozo 500 g",
    "brand": "Huentelauquen",
    "category": "quesos-y-fiambres",
    "price": 9590,
    "price_original": null,
    "currency": "CLP",
    "size": null,
    "unit_price": 19180,
    "image_url": "https://jumbocl.vteximg.com.br/arquivos/ids/404561-250-250/Queso-mantecoso-Huentelauquen-trozo-500-g-1-48083571.jpg?v=638779825898430000",
    "productUrl": "https://www.jumbo.cl/queso-mantecoso-huentelauquen-trozo-500-g/p",
    "in_stock": true,
    "promo_text": null,
    "sku": "70800",
    "rating": 5,
    "description": null
  },
  {
    "id": "87585",
    "name": "Queso Mantecoso Playa Venado Envasado Trozo 400 g",
    "brand": "Playa Venado",
    "category": "quesos-y-fiambres",
    "price": 6590,
    "price_original": null,
    "currency": "CLP",
    "size": null,
    "unit_price": 16475,
    "image_url": "https://jumbocl.vteximg.com.br/arquivos/ids/366083-250-250/Queso-mantecoso-trozo-jersey-400-g.jpg?v=638776762010870000",
    "productUrl": "https://www.jumbo.cl/queso-mantecoso-trozo-jersey-400-g/p",
    "in_stock": true,
    "promo_text": null,
    "sku": "87585",
    "rating": 5,
    "description": null
  },
  {
    "id": "30123",
    "name": "Queso Mantecoso Lácteos Chauquén Trozo Granel",
    "brand": "Lácteos Chauquén",
    "category": "quesos-y-fiambres",
    "price": 1260,
    "price_original": null,
    "currency": "CLP",
    "size": null,
    "unit_price": 12600,
    "image_url": "https://jumbocl.vteximg.com.br/arquivos/ids/306780-250-250/Queso-Mantecoso-Lacteos-Chauquen-Trozo-Granel.jpg?v=638776383120230000",
    "productUrl": "https://www.jumbo.cl/queso-mantecoso-chauquen-granel/p",
    "in_stock": true,
    "promo_text": null,
    "sku": "30123",
    "rating": 5,
    "description": null
  },
  {
    "id": "45755",
    "name": "Queso Mantecoso Colun Envasado Laminado 160g",
    "brand": "Colun",
    "category": "quesos-y-fiambres",
    "price": 2220,
    "price_original": null,
    "currency": "CLP",
    "size": null,
    "unit_price": 13875,
    "image_url": "https://jumbocl.vteximg.com.br/arquivos/ids/357804-250-250/Queso-mantecoso-Colun-laminado-160-g.jpg?v=638776720815970000",
    "productUrl": "https://www.jumbo.cl/queso-mantecoso-colun-laminado-160-g/p",
    "in_stock": true,
    "promo_text": null,
    "sku": "45755",
    "rating": 4,
    "description": null
  },
  {
    "id": "27011",
    "name": "Queso Chanco Lácteos Chauquén Trozo Granel",
    "brand": "Lácteos Chauquén",
    "category": "quesos-y-fiambres",
    "price": 1436,
    "price_original": null,
    "currency": "CLP",
    "size": null,
    "unit_price": 14360,
    "image_url": "https://jumbocl.vteximg.com.br/arquivos/ids/355532-250-250/Queso-chanco-sin-lactosa-kg.jpg?v=638776707414430000",
    "productUrl": "https://www.jumbo.cl/queso-chancho-sin-lactosa-chauquen-granel/p",
    "in_stock": true,
    "promo_text": null,
    "sku": "27011",
    "rating": 5,
    "description": null
  },
  {
    "id": "153244",
    "name": "Arrollado Huaso Artesanal Llanquihue Granel",
    "brand": "Llanquihue",
    "category": "quesos-y-fiambres",
    "price": 1140,
    "price_original": null,
    "currency": "CLP",
    "size": null,
    "unit_price": 11400,
    "image_url": "https://jumbocl.vteximg.com.br/arquivos/ids/494252-250-250/Arrollado-Huaso-Artesanal-Llanquihue-Granel.jpg?v=638907249669800000",
    "productUrl": "https://www.jumbo.cl/arrollado-huaso-2041409-kg/p",
    "in_stock": true,
    "promo_text": null,
    "sku": "153244",
    "rating": null,
    "description": null
  },
  {
    "id": "24494",
    "name": "Queso Mantecoso San Benito Envasado Laminado 240 g",
    "brand": "San Benito",
    "category": "quesos-y-fiambres",
    "price": 4190,
    "price_original": null,
    "currency": "CLP",
    "size": null,
    "unit_price": 17458,
    "image_url": "https://jumbocl.vteximg.com.br/arquivos/ids/305505-250-250/Queso-Mantecoso-San-Benito-Envasado-Laminado-240-g.jpg?v=638776381617170000",
    "productUrl": "https://www.jumbo.cl/queso-mantecoso-laminado-san-benito-240-g/p",
    "in_stock": true,
    "promo_text": null,
    "sku": "24494",
    "rating": null,
    "description": null
  },
  {
    "id": "56743",
    "name": "Queso Mantecoso La Rotunda Trozo Granel",
    "brand": "La Rotunda",
    "category": "quesos-y-fiambres",
    "price": 1300,
    "price_original": null,
    "currency": "CLP",
    "size": null,
    "unit_price": 13000,
    "image_url": "https://jumbocl.vteximg.com.br/arquivos/ids/308962-250-250/Queso-Mantecoso-La-Rotunda-Trozo-Granel.jpg?v=638776387853470000",
    "productUrl": "https://www.jumbo.cl/queso-mantecoso-la-rotunda-kg/p",
    "in_stock": true,
    "promo_text": null,
    "sku": "56743",
    "rating": null,
    "description": null
  },
  {
    "id": "24492",
    "name": "Queso Chanco Tinguiririca Envasado Trozo 350 g",
    "brand": "Tinguiririca",
    "category": "quesos-y-fiambres",
    "price": 5450,
    "price_original": null,
    "currency": "CLP",
    "size": null,
    "unit_price": 15571,
    "image_url": "https://jumbocl.vteximg.com.br/arquivos/ids/305429-250-250/Queso-Chanco-Tinguiririca-Envasado-Trozo-350-g.jpg?v=638776381565170000",
    "productUrl": "https://www.jumbo.cl/queso-chanco-trozo-tinguiririca-350-g/p",
    "in_stock": true,
    "promo_text": null,
    "sku": "24492",
    "rating": null,
    "description": null
  },
  {
    "id": "153702",
    "name": "Petit Salamín Tradición 200 g",
    "brand": "Llanquihue",
    "category": "quesos-y-fiambres",
    "price": 3590,
    "price_original": null,
    "currency": "CLP",
    "size": null,
    "unit_price": 17950,
    "image_url": "https://jumbocl.vteximg.com.br/arquivos/ids/481788-250-250/Petit-salamin-tradicion-Llanquihue-200-g.jpg?v=638883358567630000",
    "productUrl": "https://www.jumbo.cl/petit-salamin-tradicion-200-g-1461540/p",
    "in_stock": true,
    "promo_text": null,
    "sku": "153702",
    "rating": null,
    "description": null
  },
  {
    "id": "154074",
    "name": "Snack Mini Pepperoni Receta del Abuelo 50 g",
    "brand": "Receta del Abuelo",
    "category": "quesos-y-fiambres",
    "price": 1390,
    "price_original": null,
    "currency": "CLP",
    "size": null,
    "unit_price": 27800,
    "image_url": "https://jumbocl.vteximg.com.br/arquivos/ids/486066-250-250/Snack-Mini-Pepperoni-Receta-del-Abuelo-50-g.jpg?v=638894114613470000",
    "productUrl": "https://www.jumbo.cl/snack-mini-pepperoni-rec-del-abuelo-50g-2043256/p",
    "in_stock": true,
    "promo_text": null,
    "sku": "154074",
    "rating": null,
    "description": null
  },
  {
    "id": "139969",
    "name": "Queso Mantecoso Río Bueno Trozo 250 g",
    "brand": "Colun",
    "category": "quesos-y-fiambres",
    "price": 4390,
    "price_original": null,
    "currency": "CLP",
    "size": null,
    "unit_price": 17560,
    "image_url": "https://jumbocl.vteximg.com.br/arquivos/ids/332598-250-250/Queso-Mantecoso-Rio-Bueno-Trozo-250-g.jpg?v=638776434193100000",
    "productUrl": "https://www.jumbo.cl/queso-mantecoso-rio-bueno-trozo-250g-2005230/p",
    "in_stock": true,
    "promo_text": null,
    "sku": "139969",
    "rating": null,
    "description": null
  },
  {
    "id": "146886",
    "name": "Queso Mantecoso Santa Rosa Trozo 400 g",
    "brand": "Santa Rosa",
    "category": "quesos-y-fiambres",
    "price": 6890,
    "price_original": null,
    "currency": "CLP",
    "size": null,
    "unit_price": 17225,
    "image_url": "https://jumbocl.vteximg.com.br/arquivos/ids/404329-250-250/Queso-Mantecoso-Santa-Rosa-Trozo-400-g.jpg?v=638776918374200000",
    "productUrl": "https://www.jumbo.cl/queso-mantecoso-trozo-santa-rosa-400gr-2027668/p",
    "in_stock": true,
    "promo_text": null,
    "sku": "146886",
    "rating": null,
    "description": null
  },
  {
    "id": "146885",
    "name": "Queso Mantecoso Santa Rosa Laminado 400 g",
    "brand": "Santa Rosa",
    "category": "quesos-y-fiambres",
    "price": 6890,
    "price_original": null,
    "currency": "CLP",
    "size": null,
    "unit_price": 17225,
    "image_url": "https://jumbocl.vteximg.com.br/arquivos/ids/346094-250-250/Queso-Mantecoso-Santa-Rosa-Laminado-400-g.jpg?v=638776445341330000",
    "productUrl": "https://www.jumbo.cl/queso-mantecoso-lam-santa-rosa-400gr-2027667/p",
    "in_stock": true,
    "promo_text": null,
    "sku": "146885",
    "rating": 5,
    "description": null
  },
  {
    "id": "65542",
    "name": "Queso Mantecoso Dos Castaños 500 g",
    "brand": "Dos Castaños",
    "category": "quesos-y-fiambres",
    "price": 6090,
    "price_original": 8450,
    "currency": "CLP",
    "size": null,
    "unit_price": 12180,
    "image_url": "https://jumbocl.vteximg.com.br/arquivos/ids/431024-250-250/Queso-Mantecoso-Dos-Casta%C3%B1os-500-g.jpg?v=638819718588300000",
    "productUrl": "https://www.jumbo.cl/queso-mantecoso-dos-castanos-500gr/p",
    "in_stock": true,
    "promo_text": null,
    "sku": "65542",
    "rating": 5,
    "description": null
  },
  {
    "id": "119303",
    "name": "Queso Chanco Tinguiririca Trozo Granel",
    "brand": "Tinguiririca",
    "category": "quesos-y-fiambres",
    "price": 1476,
    "price_original": null,
    "currency": "CLP",
    "size": null,
    "unit_price": 14760,
    "image_url": "https://jumbocl.vteximg.com.br/arquivos/ids/316855-250-250/Queso-Chanco-Tinguiririca-Trozo-Granel.jpg?v=638776410256770000",
    "productUrl": "https://www.jumbo.cl/queso-chanco-tinguiririca-pieza-kg-303619-kg/p",
    "in_stock": true,
    "promo_text": null,
    "sku": "119303",
    "rating": null,
    "description": null
  },
  {
    "id": "156302",
    "name": "Pechuga Acaramelada de Pollo Sopraval Granel",
    "brand": "Sopraval",
    "category": "quesos-y-fiambres",
    "price": 1149,
    "price_original": 1436,
    "currency": "CLP",
    "size": null,
    "unit_price": 11490,
    "image_url": "https://jumbocl.vteximg.com.br/arquivos/ids/502032-250-250/Pechuga-Acaramelada-de-Pollo-Sopraval-Granel.jpg?v=638923745568270000",
    "productUrl": "https://www.jumbo.cl/pechuga-acaramel-pollo-sopraval-granel-2051048-kg/p",
    "in_stock": true,
    "promo_text": "20% dcto.",
    "sku": "156302",
    "rating": null,
    "description": null
  },
  {
    "id": "154055",
    "name": "Plato Jamón Ibérico 50% Sánchez Alcaraz 90 g",
    "brand": "Sánchez Alcaraz",
    "category": "quesos-y-fiambres",
    "price": 10490,
    "price_original": null,
    "currency": "CLP",
    "size": null,
    "unit_price": 116556,
    "image_url": "https://jumbocl.vteximg.com.br/arquivos/ids/489124-250-250/Plato-Jamon-Iberico-50--Sanchez-Alcaraz-90-g.jpg?v=638899474356500000",
    "productUrl": "https://www.jumbo.cl/plato-jamon-iberico-50-sanc-alcaraz-90g-2031091/p",
    "in_stock": true,
    "promo_text": null,
    "sku": "154055",
    "rating": null,
    "description": null
  },
  {
    "id": "24453",
    "name": "Queso Mantecoso Quilque Envasado Laminado 416 g",
    "brand": "Soprole",
    "category": "quesos-y-fiambres",
    "price": 6690,
    "price_original": null,
    "currency": "CLP",
    "size": null,
    "unit_price": 16082,
    "image_url": "https://jumbocl.vteximg.com.br/arquivos/ids/305437-250-250/Queso-Mantecoso-Soprole-Envasado-Laminado-416-g.jpg?v=638776381568870000",
    "productUrl": "https://www.jumbo.cl/queso-mantecoso-sandwich-laminado-quilque-416-g/p",
    "in_stock": true,
    "promo_text": null,
    "sku": "24453",
    "rating": 4.2,
    "description": null
  },
  {
    "id": "154058",
    "name": "Queso Mantecoso Lácteos Chauquen Sin Lactosa Trozo 400 g",
    "brand": "Lácteos Chauquén",
    "category": "quesos-y-fiambres",
    "price": 5750,
    "price_original": null,
    "currency": "CLP",
    "size": null,
    "unit_price": 14375,
    "image_url": "https://jumbocl.vteximg.com.br/arquivos/ids/489121-250-250/Queso-Mantecoso-Lacteos-Chauquen-Sin-Lactosa-Trozo-400-g.jpg?v=638899474342730000",
    "productUrl": "https://www.jumbo.cl/queso-chanco-sin-lacto-tro-chauquen-400g-2028868/p",
    "in_stock": true,
    "promo_text": null,
    "sku": "154058",
    "rating": null,
    "description": null
  },
  {
    "id": "10977",
    "name": "Queso Chanco Quillayes Envasado Laminado 500 g",
    "brand": "Quillayes",
    "category": "quesos-y-fiambres",
    "price": 7490,
    "price_original": null,
    "currency": "CLP",
    "size": null,
    "unit_price": 14980,
    "image_url": "https://jumbocl.vteximg.com.br/arquivos/ids/350778-250-250/Queso-chanco-laminado-500-g.jpg?v=638776682641900000",
    "productUrl": "https://www.jumbo.cl/queso-chanco-quillayes-500-g-2/p",
    "in_stock": true,
    "promo_text": null,
    "sku": "10977",
    "rating": 3,
    "description": null
  },
  {
    "id": "154114",
    "name": "Queso Mantecoso Lácteos Chauquen Orégano Trozo 400 g",
    "brand": "Lácteos Chauquén",
    "category": "quesos-y-fiambres",
    "price": 6150,
    "price_original": null,
    "currency": "CLP",
    "size": null,
    "unit_price": 15375,
    "image_url": "https://jumbocl.vteximg.com.br/arquivos/ids/489150-250-250/Queso-Mantecoso-Lacteos-Chauquen-Oregano-Trozo-400-g.jpg?v=638899474483370000",
    "productUrl": "https://www.jumbo.cl/queso-chanco-mante-oreg-tr-chauquen-400g-2044486/p",
    "in_stock": true,
    "promo_text": null,
    "sku": "154114",
    "rating": null,
    "description": null
  },
  {
    "id": "154110",
    "name": "Queso Mantecoso Lácteos Chauquen Orégano Merkén Trozo 800 g",
    "brand": "Lácteos Chauquén",
    "category": "quesos-y-fiambres",
    "price": 12190,
    "price_original": null,
    "currency": "CLP",
    "size": null,
    "unit_price": 15238,
    "image_url": "https://jumbocl.vteximg.com.br/arquivos/ids/489151-250-250/Queso-Mantecoso-Lacteos-Chauquen-Oregano-Merken-Trozo-800-g.jpg?v=638899474488530000",
    "productUrl": "https://www.jumbo.cl/queso-chanco-mante-ore-mer-chauquen-800g-2044488/p",
    "in_stock": true,
    "promo_text": null,
    "sku": "154110",
    "rating": null,
    "description": null
  },
  {
    "id": "154057",
    "name": "Queso Chanco Chauquen Mantecoso Trozo 400 g",
    "brand": "Lácteos Chauquén",
    "category": "quesos-y-fiambres",
    "price": 5290,
    "price_original": null,
    "currency": "CLP",
    "size": null,
    "unit_price": 13225,
    "image_url": "https://jumbocl.vteximg.com.br/arquivos/ids/489118-250-250/Queso-Chanco-Chauquen-Mantecoso-Trozo-400-g.jpg?v=638899474327970000",
    "productUrl": "https://www.jumbo.cl/queso-chanco-mantecoso-tro-chauquen-400g-2028867/p",
    "in_stock": true,
    "promo_text": null,
    "sku": "154057",
    "rating": null,
    "description": null
  },
  {
    "id": "149507",
    "name": "Azúcar Uniao 1 kg",
    "brand": "Uniao",
    "category": "despensa",
    "price": 1390,
    "price_original": null,
    "currency": "CLP",
    "size": null,
    "unit_price": 995,
    "image_url": "https://jumbocl.vteximg.com.br/arquivos/ids/445222-250-250/AZUCAR-UNIAO-1K.jpg?v=638838815835130000",
    "productUrl": "https://www.jumbo.cl/azucar-uniao-1k-2039667/p",
    "in_stock": true,
    "promo_text": "Lleva 2 por $1.990",
    "sku": "149507",
    "rating": null,
    "description": null
  },
  {
    "id": "147797",
    "name": "Atún Lomitos en Agua 91 g drenado, 140 g neto",
    "brand": "Cuisine & Co",
    "category": "despensa",
    "price": 1430,
    "price_original": null,
    "currency": "CLP",
    "size": null,
    "unit_price": 15714,
    "image_url": "https://jumbocl.vteximg.com.br/arquivos/ids/419284-250-250/Atun-Cuisine---Co-Agua-91g.jpg?v=638809482555170000",
    "productUrl": "https://www.jumbo.cl/atun-cuisine-and-co-lomitos-en-agua-91-g-drenado-140-g-neto-2017687/p",
    "in_stock": true,
    "promo_text": "Lleva 6 por $6.000",
    "sku": "147797",
    "rating": null,
    "description": null
  },
  {
    "id": "13591",
    "name": "Aceite de Maravilla Chef 1 L",
    "brand": "Chef",
    "category": "despensa",
    "price": 2990,
    "price_original": 3710,
    "currency": "CLP",
    "size": null,
    "unit_price": null,
    "image_url": "https://jumbocl.vteximg.com.br/arquivos/ids/452172-250-250/Aceite-de-Maravilla-Chef-1-L.jpg?v=638852054257800000",
    "productUrl": "https://www.jumbo.cl/aceite-maravilla-chef-1-l/p",
    "in_stock": true,
    "promo_text": "Paga $2.690",
    "sku": "13591",
    "rating": 4.9,
    "description": null
  },
  {
    "id": "150174",
    "name": "Atún Lomitos en Agua Reducido en Sodio 91 g drenado, 140 g neto",
    "brand": "Robinson Crusoe",
    "category": "despensa",
    "price": 1990,
    "price_original": null,
    "currency": "CLP",
    "size": null,
    "unit_price": 16429,
    "image_url": "https://jumbocl.vteximg.com.br/arquivos/ids/512304-250-250/Atun-Lomitos-en-Agua-Reducido-en-Sodio-91-g-drenado-140-g-neto.jpg?v=638944425196900000",
    "productUrl": "https://www.jumbo.cl/atun-robinson-crusoe-lomitos-en-agua-140-g-neto-2037008/p",
    "in_stock": true,
    "promo_text": "Lleva 2 por $2.990",
    "sku": "150174",
    "rating": null,
    "description": null
  },
  {
    "id": "1621",
    "name": "Arroz Grado 1 Tucapel Gran Selección Grano Largo y Ancho 1 kg",
    "brand": "Tucapel",
    "category": "despensa",
    "price": 1990,
    "price_original": 2450,
    "currency": "CLP",
    "size": null,
    "unit_price": 1990,
    "image_url": "https://jumbocl.vteximg.com.br/arquivos/ids/298719-250-250/Arroz-grado-1-gran-seleccion-grano-largo-y-ancho-1-kg.jpg?v=638775755931030000",
    "productUrl": "https://www.jumbo.cl/arroz-grado-1-tucapel-gran-seleccion-grano-largo-y-ancho-1-kg/p",
    "in_stock": true,
    "promo_text": null,
    "sku": "1621",
    "rating": 5,
    "description": null
  },
  {
    "id": "153692",
    "name": "Atún Lomitos en Agua 91 g drenado, 140 g neto",
    "brand": "San José",
    "category": "despensa",
    "price": 1690,
    "price_original": null,
    "currency": "CLP",
    "size": null,
    "unit_price": 10989,
    "image_url": "https://jumbocl.vteximg.com.br/arquivos/ids/487588-250-250/Atun-San-Jose-Lomitos-en-Agua-91-g.jpg?v=638894124892530000",
    "productUrl": "https://www.jumbo.cl/atun-san-jose-lomitos-en-agua-91-g-drenado-140-g-neto-2041451/p",
    "in_stock": true,
    "promo_text": "Lleva 3 por $3.000",
    "sku": "153692",
    "rating": null,
    "description": null
  },
  {
    "id": "2447",
    "name": "Pasta Spaghetti N°5 Trattoria 400 g",
    "brand": "Trattoria",
    "category": "despensa",
    "price": 1000,
    "price_original": 1250,
    "currency": "CLP",
    "size": null,
    "unit_price": 2500,
    "image_url": "https://jumbocl.vteximg.com.br/arquivos/ids/299572-250-250/Spaghetti-N-5-Trattoria-Bolsa-400-g-Con-huevos-frescos.jpg?v=638775766076230000",
    "productUrl": "https://www.jumbo.cl/spaghetti-n-5-trattoria-bolsa-400-g-con-huevos-frescos/p",
    "in_stock": true,
    "promo_text": "Paga $875",
    "sku": "2447",
    "rating": 5,
    "description": null
  },
  {
    "id": "147798",
    "name": "Atún Lomitos en Aceite 91 g drenado, 140 g neto",
    "brand": "Cuisine & Co",
    "category": "despensa",
    "price": 1430,
    "price_original": null,
    "currency": "CLP",
    "size": null,
    "unit_price": 15714,
    "image_url": "https://jumbocl.vteximg.com.br/arquivos/ids/406443-250-250/ATUN-C-CO-ACEI-91G.jpg?v=638781698300270000",
    "productUrl": "https://www.jumbo.cl/atun-cuisine-and-co-lomitos-en-aceite-91-g-drenado-140-g-neto-2017688/p",
    "in_stock": true,
    "promo_text": "Lleva 6 por $6.000",
    "sku": "147798",
    "rating": 5,
    "description": null
  },
  {
    "id": "6752",
    "name": "Leche Condensada Nestlé Azucarada Tarro 397 g",
    "brand": "Nestlé",
    "category": "despensa",
    "price": 2150,
    "price_original": null,
    "currency": "CLP",
    "size": null,
    "unit_price": 3766,
    "image_url": "https://jumbocl.vteximg.com.br/arquivos/ids/425540-250-250/Leche-Condensada-Nestle-Azucarada-Tarro-397-g.jpg?v=638810973162930000",
    "productUrl": "https://www.jumbo.cl/leche-condensada-nestle-lata-397-g/p",
    "in_stock": true,
    "promo_text": "Lleva 2 por $2.990",
    "sku": "6752",
    "rating": 4.8,
    "description": null
  },
  {
    "id": "1598",
    "name": "Arroz Grado 1 Miraflores Grano Largo y Ancho 1 kg",
    "brand": "Miraflores",
    "category": "despensa",
    "price": 2290,
    "price_original": 2690,
    "currency": "CLP",
    "size": null,
    "unit_price": 2290,
    "image_url": "https://jumbocl.vteximg.com.br/arquivos/ids/298712-250-250/Arroz-grado-1-grano-largo-y-ancho-1-kg.jpg?v=638775755800600000",
    "productUrl": "https://www.jumbo.cl/arroz-grado-1-miraflores-1-kg-grano-largo-y-ancho/p",
    "in_stock": true,
    "promo_text": null,
    "sku": "1598",
    "rating": 4.8,
    "description": null
  },
  {
    "id": "16377",
    "name": "Pasta Fusilli Trattoria 400 g",
    "brand": "Trattoria",
    "category": "despensa",
    "price": 1000,
    "price_original": 1250,
    "currency": "CLP",
    "size": null,
    "unit_price": 2500,
    "image_url": "https://jumbocl.vteximg.com.br/arquivos/ids/352355-250-250/Fusilli-Trattoria-400-g.jpg?v=638776692605630000",
    "productUrl": "https://www.jumbo.cl/fusilli-trattoria-400-g/p",
    "in_stock": true,
    "promo_text": "Paga $875",
    "sku": "16377",
    "rating": null,
    "description": null
  },
  {
    "id": "6637",
    "name": "Crema de Leche Nestlé Tarro 157 g",
    "brand": "Nestlé",
    "category": "despensa",
    "price": 1390,
    "price_original": null,
    "currency": "CLP",
    "size": null,
    "unit_price": 6338,
    "image_url": "https://jumbocl.vteximg.com.br/arquivos/ids/300380-250-250/Crema-de-Leche-Nestle-Tarro-157-g.jpg?v=638776373289870000",
    "productUrl": "https://www.jumbo.cl/crema-de-leche-nestle-lata-157-g-2/p",
    "in_stock": true,
    "promo_text": "Lleva 2 por $1.990",
    "sku": "6637",
    "rating": 5,
    "description": null
  },
  {
    "id": "12575",
    "name": "Salsa de Tomate Malloa Italiana 200 g 6 un.",
    "brand": "Malloa",
    "category": "despensa",
    "price": 3490,
    "price_original": 4390,
    "currency": "CLP",
    "size": null,
    "unit_price": 2908,
    "image_url": "https://jumbocl.vteximg.com.br/arquivos/ids/303274-250-250/Salsa-de-Tomate-Malloa-Italiana-200-g-6-un.jpg?v=638776376879530000",
    "productUrl": "https://www.jumbo.cl/salsa-de-tomate-italiana-malloa-pack-6-unid-200-g-cu/p",
    "in_stock": true,
    "promo_text": null,
    "sku": "12575",
    "rating": 4.6,
    "description": null
  },
  {
    "id": "78027",
    "name": "Café Nescafé Fina Selección 200 g",
    "brand": "Nescafé",
    "category": "despensa",
    "price": 12290,
    "price_original": null,
    "currency": "CLP",
    "size": null,
    "unit_price": 61450,
    "image_url": "https://jumbocl.vteximg.com.br/arquivos/ids/433866-250-250/Cafe-Nescafe-Fina-Seleccion-200-g.jpg?v=638823539795900000",
    "productUrl": "https://www.jumbo.cl/cafe-instantaneo-nescafe-200-g-fina-seleccion/p",
    "in_stock": true,
    "promo_text": null,
    "sku": "78027",
    "rating": 4.8,
    "description": null
  },
  {
    "id": "4286",
    "name": "Harina Selecta Sin Polvos de Hornear 1 kg",
    "brand": "Selecta",
    "category": "despensa",
    "price": 1390,
    "price_original": 1690,
    "currency": "CLP",
    "size": null,
    "unit_price": 1275,
    "image_url": "https://jumbocl.vteximg.com.br/arquivos/ids/300202-250-250/Harina-sin-polvos-de-hornear-1-kg.jpg?v=638776372008370000",
    "productUrl": "https://www.jumbo.cl/harina-sin-polvos-de-hornear-selecta-1-kg-2/p",
    "in_stock": true,
    "promo_text": "Lleva 2 por $2.550",
    "sku": "4286",
    "rating": 5,
    "description": null
  },
  {
    "id": "146174",
    "name": "Aceite de Oliva Cuisine & Co Extra Virgen 1 L",
    "brand": "Cuisine & Co",
    "category": "despensa",
    "price": 15990,
    "price_original": null,
    "currency": "CLP",
    "size": null,
    "unit_price": null,
    "image_url": "https://jumbocl.vteximg.com.br/arquivos/ids/447228-250-250/Aceite-de-Oliva-Extra-Virgen-Cuisine---Co-1-L.jpg?v=638843081535030000",
    "productUrl": "https://www.jumbo.cl/aceite-oliva-ext-virgen-cuisine-and-co-1l-2021579/p",
    "in_stock": true,
    "promo_text": "Paga $11.193",
    "sku": "146174",
    "rating": null,
    "description": null
  },
  {
    "id": "2446",
    "name": "Pasta Rigati Trattoria 400 g",
    "brand": "Trattoria",
    "category": "despensa",
    "price": 1000,
    "price_original": 1250,
    "currency": "CLP",
    "size": null,
    "unit_price": 2500,
    "image_url": "https://jumbocl.vteximg.com.br/arquivos/ids/299571-250-250/Rigati-Trattoria-Bolsa-400-g.jpg?v=638775766065370000",
    "productUrl": "https://www.jumbo.cl/rigati-trattoria-bolsa-400-g/p",
    "in_stock": true,
    "promo_text": "Paga $875",
    "sku": "2446",
    "rating": null,
    "description": null
  },
  {
    "id": "2794",
    "name": "Mayonesa Kraft Real Mayo Regular Pote 789 g",
    "brand": "Kraft",
    "category": "despensa",
    "price": 7290,
    "price_original": null,
    "currency": "CLP",
    "size": null,
    "unit_price": 9240,
    "image_url": "https://jumbocl.vteximg.com.br/arquivos/ids/299814-250-250/Mayonesa-Kraft-789-g.jpg?v=638776371168900000",
    "productUrl": "https://www.jumbo.cl/mayonesa-kraft-pote-794-g/p",
    "in_stock": true,
    "promo_text": null,
    "sku": "2794",
    "rating": 4.9,
    "description": null
  },
  {
    "id": "1574",
    "name": "Arroz Grado 1 Banquete Premium Grano Largo y Ancho 1 kg",
    "brand": "Banquete",
    "category": "despensa",
    "price": 2490,
    "price_original": null,
    "currency": "CLP",
    "size": null,
    "unit_price": 2490,
    "image_url": "https://jumbocl.vteximg.com.br/arquivos/ids/298693-250-250/Arroz-grado-1-premium-grano-largo-y-ancho-1-kg.jpg?v=638775755514030000",
    "productUrl": "https://www.jumbo.cl/arroz-grado-1-banquete-1-kg-premium-grano-largo-y-ancho/p",
    "in_stock": true,
    "promo_text": null,
    "sku": "1574",
    "rating": 4.3,
    "description": null
  },
  {
    "id": "101415",
    "name": "Puré de Tomate Passata La Molisana 690 g",
    "brand": "La Molisana",
    "category": "despensa",
    "price": 2890,
    "price_original": null,
    "currency": "CLP",
    "size": null,
    "unit_price": 4188,
    "image_url": "https://jumbocl.vteximg.com.br/arquivos/ids/313506-250-250/Pure-tomate-passata-690-g.jpg?v=638776399806970000",
    "productUrl": "https://www.jumbo.cl/pure-tomate-passata-la-molisana-690g-1873810/p",
    "in_stock": true,
    "promo_text": null,
    "sku": "101415",
    "rating": 4.8,
    "description": null
  },
  {
    "id": "32675",
    "name": "Atún Lomitos en Agua 104 g drenado, 160 g neto",
    "brand": "Van Camp's",
    "category": "despensa",
    "price": 1980,
    "price_original": null,
    "currency": "CLP",
    "size": null,
    "unit_price": 19038,
    "image_url": "https://jumbocl.vteximg.com.br/arquivos/ids/356262-250-250/Atun-lomitos-en-agua-104-g-drenado.jpg?v=638776711551430000",
    "productUrl": "https://www.jumbo.cl/atun-van-camps-lomitos-en-agua-104-g-drenado-160-g-neto-1707545/p",
    "in_stock": true,
    "promo_text": null,
    "sku": "32675",
    "rating": 4.4,
    "description": null
  },
  {
    "id": "144776",
    "name": "Té Negro Lipton Yellow Label 100 un.",
    "brand": "Lipton",
    "category": "despensa",
    "price": 5450,
    "price_original": 6990,
    "currency": "CLP",
    "size": null,
    "unit_price": null,
    "image_url": "https://jumbocl.vteximg.com.br/arquivos/ids/341532-250-250/Te-Lipton-Yellow-Label-100-un.jpg?v=638776441823070000",
    "productUrl": "https://www.jumbo.cl/te-lipton-yellow-label-1oo-unidades-2019338/p",
    "in_stock": true,
    "promo_text": null,
    "sku": "144776",
    "rating": 4,
    "description": null
  },
  {
    "id": "2374",
    "name": "Espirales Lucchetti Proslow 400 g",
    "brand": "Lucchetti",
    "category": "despensa",
    "price": 1040,
    "price_original": null,
    "currency": "CLP",
    "size": null,
    "unit_price": 1988,
    "image_url": "https://jumbocl.vteximg.com.br/arquivos/ids/299446-250-250/Espirales-400-g.jpg?v=638775764701230000",
    "productUrl": "https://www.jumbo.cl/espirales-lucchetti-bolsa-400-g/p",
    "in_stock": true,
    "promo_text": "Lleva 2 por $1.590",
    "sku": "2374",
    "rating": null,
    "description": null
  },
  {
    "id": "88047",
    "name": "Atún Lomitos en Agua 220 g drenado, 340 g neto",
    "brand": "Cuisine & Co",
    "category": "despensa",
    "price": 1990,
    "price_original": 2990,
    "currency": "CLP",
    "size": null,
    "unit_price": 9045,
    "image_url": "https://jumbocl.vteximg.com.br/arquivos/ids/366259-250-250/Atun-lomitos-en-agua-220-g-drenado.jpg?v=638776762716900000",
    "productUrl": "https://www.jumbo.cl/atun-cuisine-and-co-lomitos-en-agua-220-g-drenado-340-g-neto-1841131/p",
    "in_stock": true,
    "promo_text": null,
    "sku": "88047",
    "rating": 5,
    "description": null
  },
  {
    "id": "2525",
    "name": "Compota Vivo Mifrut Manzana 90 g",
    "brand": "Vivo",
    "category": "despensa",
    "price": 560,
    "price_original": null,
    "currency": "CLP",
    "size": null,
    "unit_price": 6222,
    "image_url": "https://jumbocl.vteximg.com.br/arquivos/ids/299608-250-250/Compota-Vivo-90-g-Mifrut-Manzana.jpg?v=638775766607330000",
    "productUrl": "https://www.jumbo.cl/compota-vivo-90-g-mifrut-manzana/p",
    "in_stock": true,
    "promo_text": null,
    "sku": "2525",
    "rating": 4.4,
    "description": null
  },
  {
    "id": "1735",
    "name": "Café Nescafé Tradición 170 g",
    "brand": "Nescafé",
    "category": "despensa",
    "price": 8350,
    "price_original": null,
    "currency": "CLP",
    "size": null,
    "unit_price": 49118,
    "image_url": "https://jumbocl.vteximg.com.br/arquivos/ids/503067-250-250/Cafe-Nescafe-Tradicion-170-g.jpg?v=638924461328630000",
    "productUrl": "https://www.jumbo.cl/cafe-instantaneo-nescafe-tradicion-170-g/p",
    "in_stock": true,
    "promo_text": null,
    "sku": "1735",
    "rating": 4.8,
    "description": null
  },
  {
    "id": "3356",
    "name": "Salsa de Tomate Carozzi Toscana Boloñesa 200 g",
    "brand": "Carozzi",
    "category": "despensa",
    "price": 850,
    "price_original": 990,
    "currency": "CLP",
    "size": null,
    "unit_price": 3950,
    "image_url": "https://jumbocl.vteximg.com.br/arquivos/ids/346661-250-250/Salsa-de-Tomate-Toscana-a-la-bolognesa-doypack-200-g.jpg?v=638776462067400000",
    "productUrl": "https://www.jumbo.cl/salsa-de-tomate-toscana-carozzi-doypack-200-g-a-la-bolognesa/p",
    "in_stock": true,
    "promo_text": "Lleva 2 por $1.580",
    "sku": "3356",
    "rating": 5,
    "description": null
  },
  {
    "id": "103852",
    "name": "Garbanzos 230 g drenado, 390 g neto",
    "brand": "Cuisine & Co",
    "category": "despensa",
    "price": 1330,
    "price_original": null,
    "currency": "CLP",
    "size": null,
    "unit_price": 2551,
    "image_url": "https://jumbocl.vteximg.com.br/arquivos/ids/374073-250-250/Garbanzos-230-g-drenado.jpg?v=638776798225800000",
    "productUrl": "https://www.jumbo.cl/garbanzos-390-g-cuisine-and-co-1862252/p",
    "in_stock": true,
    "promo_text": "Lleva 2 por $1.990",
    "sku": "103852",
    "rating": 4.2,
    "description": null
  },
  {
    "id": "2394",
    "name": "Spaghetti N°5 Lucchetti 400 g",
    "brand": "Lucchetti",
    "category": "despensa",
    "price": 1040,
    "price_original": null,
    "currency": "CLP",
    "size": null,
    "unit_price": 1988,
    "image_url": "https://jumbocl.vteximg.com.br/arquivos/ids/299493-250-250/Spaghetti-N%C2%B05-400-g.jpg?v=638775765220830000",
    "productUrl": "https://www.jumbo.cl/spaghetti-n-5-lucchetti-bolsa-400-g/p",
    "in_stock": true,
    "promo_text": "Lleva 2 por $1.590",
    "sku": "2394",
    "rating": null,
    "description": null
  },
  {
    "id": "2327",
    "name": "Pasta Spaghetti N°5 Carozzi 400 g",
    "brand": "Carozzi",
    "category": "despensa",
    "price": 1090,
    "price_original": null,
    "currency": "CLP",
    "size": null,
    "unit_price": 2725,
    "image_url": "https://jumbocl.vteximg.com.br/arquivos/ids/299413-250-250/Spaghetti-N%C2%B05-400-g.jpg?v=638775764350000000",
    "productUrl": "https://www.jumbo.cl/spaghetti-n-5-carozzi-bolsa-400-g-2/p",
    "in_stock": true,
    "promo_text": null,
    "sku": "2327",
    "rating": 5,
    "description": null
  },
  {
    "id": "2441",
    "name": "Pasta Fettuccini N°88 Trattoria 400 g",
    "brand": "Trattoria",
    "category": "despensa",
    "price": 1000,
    "price_original": 1250,
    "currency": "CLP",
    "size": null,
    "unit_price": 2500,
    "image_url": "https://jumbocl.vteximg.com.br/arquivos/ids/299568-250-250/Fetuccini-bolsa-400-g.jpg?v=638775766026270000",
    "productUrl": "https://www.jumbo.cl/fettuccini-trattoria-bolsa-400-g/p",
    "in_stock": true,
    "promo_text": "Paga $875",
    "sku": "2441",
    "rating": 5,
    "description": null
  },
  {
    "id": "3504",
    "name": "Hierba Manzanilla Supremo Caja 20 g 20 un.",
    "brand": "Supremo",
    "category": "despensa",
    "price": 990,
    "price_original": 1190,
    "currency": "CLP",
    "size": null,
    "unit_price": null,
    "image_url": "https://jumbocl.vteximg.com.br/arquivos/ids/346759-250-250/Hierba-manzanilla-caja-20-g-20-bolsitas.jpg?v=638776463048830000",
    "productUrl": "https://www.jumbo.cl/hierba-manzanilla-supremo-caja-20-g-20-bolsitas/p",
    "in_stock": true,
    "promo_text": null,
    "sku": "3504",
    "rating": 5,
    "description": null
  },
  {
    "id": "2422",
    "name": "Espirales Talliani Al Huevo 400 g",
    "brand": "Talliani",
    "category": "despensa",
    "price": 1350,
    "price_original": null,
    "currency": "CLP",
    "size": null,
    "unit_price": 3375,
    "image_url": "https://jumbocl.vteximg.com.br/arquivos/ids/299529-250-250/Espirales-al-huevo-400-g.jpg?v=638775765607770000",
    "productUrl": "https://www.jumbo.cl/espirales-talliani-bolsa-400-g/p",
    "in_stock": true,
    "promo_text": null,
    "sku": "2422",
    "rating": 5,
    "description": null
  },
  {
    "id": "147022",
    "name": "Pack 6 un. Salsa de Tomate Heinz Italiana 200 g",
    "brand": "Heinz",
    "category": "despensa",
    "price": 3590,
    "price_original": 4390,
    "currency": "CLP",
    "size": null,
    "unit_price": 2992,
    "image_url": "https://jumbocl.vteximg.com.br/arquivos/ids/404371-250-250/Pack-6-un-Salsa-de-Tomate-Heinz-Italiana-200-g.jpg?v=638776918638070000",
    "productUrl": "https://www.jumbo.cl/pasta-sauce-italiana-heinz-pack-6x200g-2021824/p",
    "in_stock": true,
    "promo_text": null,
    "sku": "147022",
    "rating": 4.3,
    "description": null
  },
  {
    "id": "2432",
    "name": "Spaghetti N°5 Talliani Al Huevo 400 g",
    "brand": "Talliani",
    "category": "despensa",
    "price": 1350,
    "price_original": null,
    "currency": "CLP",
    "size": null,
    "unit_price": 3375,
    "image_url": "https://jumbocl.vteximg.com.br/arquivos/ids/299550-250-250/Spaghetti-N%C2%B05-al-huevo-400-g.jpg?v=638775765834600000",
    "productUrl": "https://www.jumbo.cl/spaghetti-n-5-talliani-bolsa-400-g-con-huevos-frescos/p",
    "in_stock": true,
    "promo_text": null,
    "sku": "2432",
    "rating": 5,
    "description": null
  },
  {
    "id": "16403",
    "name": "Salsa de Tomate Pomarola 200 g 6 un.",
    "brand": "Pomarola",
    "category": "despensa",
    "price": 4150,
    "price_original": null,
    "currency": "CLP",
    "size": null,
    "unit_price": 3458,
    "image_url": "https://jumbocl.vteximg.com.br/arquivos/ids/352363-250-250/Salsa-de-tomate-Pomarola-Carozzi-pack-6-unid-200-g-c-u-Italiana.jpg?v=638776692625270000",
    "productUrl": "https://www.jumbo.cl/salsa-de-tomate-pomarola-carozzi-pack-6-unid-200-g-c-u-italiana/p",
    "in_stock": true,
    "promo_text": null,
    "sku": "16403",
    "rating": 5,
    "description": null
  },
  {
    "id": "3613",
    "name": "Palmitos en Rodajas Wasil 220 g drenado",
    "brand": "Wasil",
    "category": "despensa",
    "price": 1890,
    "price_original": 2790,
    "currency": "CLP",
    "size": null,
    "unit_price": 8591,
    "image_url": "https://jumbocl.vteximg.com.br/arquivos/ids/500352-250-250/Palmitos-en-Rodajas-Wasil-220-g-drenado.jpg?v=638917603476770000",
    "productUrl": "https://www.jumbo.cl/palmitos-wasil-lata-400-g-en-rodajas-2/p",
    "in_stock": true,
    "promo_text": null,
    "sku": "3613",
    "rating": null,
    "description": null
  },
  {
    "id": "87565",
    "name": "Jurel Al Natural Cuisine & Co 300 g drenado",
    "brand": "Cuisine & Co",
    "category": "despensa",
    "price": 1890,
    "price_original": null,
    "currency": "CLP",
    "size": null,
    "unit_price": 4983,
    "image_url": "https://jumbocl.vteximg.com.br/arquivos/ids/366066-250-250/Jurel-al-natural-300-g-drenado.jpg?v=638776761899800000",
    "productUrl": "https://www.jumbo.cl/jurel-al-natural-300-g-drenado-cuisine-and-co-1841074/p",
    "in_stock": true,
    "promo_text": "Lleva 2 por $2.990",
    "sku": "87565",
    "rating": 4.7,
    "description": null
  },
  {
    "id": "118720",
    "name": "Kétchup Hellmann's Doypack 900 g",
    "brand": "Hellmann's",
    "category": "despensa",
    "price": 3190,
    "price_original": 3740,
    "currency": "CLP",
    "size": null,
    "unit_price": 3544,
    "image_url": "https://jumbocl.vteximg.com.br/arquivos/ids/316749-250-250/Ketchup-Hellmann-s-Doypack-900-g.jpg?v=638776409972100000",
    "productUrl": "https://www.jumbo.cl/hellmanns-ketchup-dp-12x900g-1937067/p",
    "in_stock": true,
    "promo_text": null,
    "sku": "118720",
    "rating": 5,
    "description": null
  },
  {
    "id": "83854",
    "name": "Salsa de Tomate Cuisine & Co Natural 200 g",
    "brand": "Cuisine & Co",
    "category": "despensa",
    "price": 690,
    "price_original": null,
    "currency": "CLP",
    "size": null,
    "unit_price": null,
    "image_url": "https://jumbocl.vteximg.com.br/arquivos/ids/365442-250-250/Salsa-de-tomate-natural-200-g.jpg?v=638776759102170000",
    "productUrl": "https://www.jumbo.cl/salsa-de-tomate-natural-200-g-cuisine-and-co-1801326/p",
    "in_stock": true,
    "promo_text": "Lleva 2 por $1.000",
    "sku": "83854",
    "rating": 4.4,
    "description": null
  },
  {
    "id": "150171",
    "name": "Atún Lomitos en Agua 91 g drenado, 140 g neto",
    "brand": "Robinson Crusoe",
    "category": "despensa",
    "price": 1990,
    "price_original": null,
    "currency": "CLP",
    "size": null,
    "unit_price": 21868,
    "image_url": "https://jumbocl.vteximg.com.br/arquivos/ids/512296-250-250/Atun-Lomitos-en-Agua-91-g-drenado-140-g-neto.jpg?v=638944425162200000",
    "productUrl": "https://www.jumbo.cl/atun-robinson-crusoe-lomitos-en-agua-140-g-neto-2036254/p",
    "in_stock": true,
    "promo_text": null,
    "sku": "150171",
    "rating": null,
    "description": null
  },
  {
    "id": "4238",
    "name": "Gelatina Vivo Sin Azúcar Berries 22 g",
    "brand": "Vivo",
    "category": "despensa",
    "price": 690,
    "price_original": 890,
    "currency": "CLP",
    "size": null,
    "unit_price": 31364,
    "image_url": "https://jumbocl.vteximg.com.br/arquivos/ids/347165-250-250/Gelatina-sin-azucar-berries-22-g.jpg?v=638776467910230000",
    "productUrl": "https://www.jumbo.cl/gelatina-vivo-caja-22-g-berries-con-biosweet-0-azucar/p",
    "in_stock": true,
    "promo_text": null,
    "sku": "4238",
    "rating": null,
    "description": null
  },
  {
    "id": "16370",
    "name": "Pack Spaghetti N°5 Carozzi 3 un. 400 g + Salsa de Tomate 1 un. 200 g",
    "brand": "Carozzi",
    "category": "despensa",
    "price": 2790,
    "price_original": 3410,
    "currency": "CLP",
    "size": null,
    "unit_price": null,
    "image_url": "https://jumbocl.vteximg.com.br/arquivos/ids/352353-250-250/Pack-3-un-spaghetti-n5-400-g---salsa-italiana-200-g.jpg?v=638776692589730000",
    "productUrl": "https://www.jumbo.cl/spaghetti-n-5-carozzi-pack-3-unid-400-g-c-u-salsa-italiana-200-g/p",
    "in_stock": true,
    "promo_text": "Lleva 2 por $5.390",
    "sku": "16370",
    "rating": null,
    "description": null
  },
  {
    "id": "88048",
    "name": "Atún Lomitos en Aceite 220 g drenado, 340 g neto",
    "brand": "Cuisine & Co",
    "category": "despensa",
    "price": 1990,
    "price_original": 2990,
    "currency": "CLP",
    "size": null,
    "unit_price": 9045,
    "image_url": "https://jumbocl.vteximg.com.br/arquivos/ids/366258-250-250/Atun-lomitos-en-aceite-220-g-drenado.jpg?v=638776762715800000",
    "productUrl": "https://www.jumbo.cl/atun-cuisine-and-co-lomitos-en-aceite-220-g-drenado-340-g-neto-1841132/p",
    "in_stock": true,
    "promo_text": null,
    "sku": "88048",
    "rating": 5,
    "description": null
  },
  {
    "id": "2526",
    "name": "Compota Vivo Mifrut Pera 90 g",
    "brand": "Vivo",
    "category": "despensa",
    "price": 560,
    "price_original": null,
    "currency": "CLP",
    "size": null,
    "unit_price": null,
    "image_url": "https://jumbocl.vteximg.com.br/arquivos/ids/299609-250-250/Compota-Vivo-90-g-Mifrut-Pera.jpg?v=638775766618200000",
    "productUrl": "https://www.jumbo.cl/compota-vivo-90-g-mifrut-pera/p",
    "in_stock": true,
    "promo_text": null,
    "sku": "2526",
    "rating": 5,
    "description": null
  },
  {
    "id": "113983",
    "name": "Café Nescafé Tradición 125 g",
    "brand": "Nescafé",
    "category": "despensa",
    "price": 4990,
    "price_original": null,
    "currency": "CLP",
    "size": null,
    "unit_price": 39920,
    "image_url": "https://jumbocl.vteximg.com.br/arquivos/ids/455196-250-250/Cafe-Nescafe-Tradicion-125-g.jpg?v=638856155598600000",
    "productUrl": "https://www.jumbo.cl/cafe-nescafe-tradicion-tarro-125-gr-1931230/p",
    "in_stock": true,
    "promo_text": null,
    "sku": "113983",
    "rating": 4.9,
    "description": null
  },
  {
    "id": "112931",
    "name": "Aceite de Maravilla 900 ml",
    "brand": "Cuisine & Co",
    "category": "despensa",
    "price": 2450,
    "price_original": null,
    "currency": "CLP",
    "size": null,
    "unit_price": null,
    "image_url": "https://jumbocl.vteximg.com.br/arquivos/ids/379894-250-250/Aceite-maravilla-900-ml.jpg?v=638776820957030000",
    "productUrl": "https://www.jumbo.cl/aceite-maravilla-cuisine-and-co-900-ml-1927105/p",
    "in_stock": true,
    "promo_text": null,
    "sku": "112931",
    "rating": 5,
    "description": null
  },
  {
    "id": "103848",
    "name": "Porotos Negros 230 g drenado, 390 g neto",
    "brand": "Cuisine & Co",
    "category": "despensa",
    "price": 1330,
    "price_original": null,
    "currency": "CLP",
    "size": null,
    "unit_price": 2551,
    "image_url": "https://jumbocl.vteximg.com.br/arquivos/ids/374067-250-250/POROTO-NEGRO-390G.jpg?v=638776798206500000",
    "productUrl": "https://www.jumbo.cl/porotos-negros-390-g-cuisine-and-co-1862250/p",
    "in_stock": true,
    "promo_text": "Lleva 2 por $1.990",
    "sku": "103848",
    "rating": 4.4,
    "description": null
  },
  {
    "id": "105212",
    "name": "Mayonesa Hellmann's Supreme Artesana 735 g",
    "brand": "Hellmann's",
    "category": "despensa",
    "price": 5690,
    "price_original": 6280,
    "currency": "CLP",
    "size": null,
    "unit_price": 7741,
    "image_url": "https://jumbocl.vteximg.com.br/arquivos/ids/461854-250-250/Mayonesa-Hellmann-s-Supreme-Artesana-735-g.jpg?v=638866453660600000",
    "productUrl": "https://www.jumbo.cl/hellmann-s-supreme-artesana-frasco-735gr-1888093/p",
    "in_stock": true,
    "promo_text": null,
    "sku": "105212",
    "rating": 4.4,
    "description": null
  },
  {
    "id": "2305",
    "name": "Pasta Espiral N°49 Carozzi 400 g",
    "brand": "Carozzi",
    "category": "despensa",
    "price": 1090,
    "price_original": null,
    "currency": "CLP",
    "size": null,
    "unit_price": 2725,
    "image_url": "https://jumbocl.vteximg.com.br/arquivos/ids/299394-250-250/Pasta-Espiral-N%C2%B049-400-g.jpg?v=638775764087200000",
    "productUrl": "https://www.jumbo.cl/espirales-carozzi-bolsa-400-g/p",
    "in_stock": true,
    "promo_text": null,
    "sku": "2305",
    "rating": 5,
    "description": null
  },
  {
    "id": "150178",
    "name": "Atún Lomitos Ahumados 91 g drenado, 140 g neto",
    "brand": "Robinson Crusoe",
    "category": "despensa",
    "price": 1990,
    "price_original": null,
    "currency": "CLP",
    "size": null,
    "unit_price": 21868,
    "image_url": "https://jumbocl.vteximg.com.br/arquivos/ids/512325-250-250/Atun-Lomitos-Ahumados-91-g-drenado-140-g-neto.jpg?v=638944425276570000",
    "productUrl": "https://www.jumbo.cl/atun-robinson-crusoe-lomitos-ahumados-2039521/p",
    "in_stock": true,
    "promo_text": null,
    "sku": "150178",
    "rating": null,
    "description": null
  },
  {
    "id": "3295",
    "name": "Jurel Al Natural San José Lata 300 g drenado",
    "brand": "San José",
    "category": "despensa",
    "price": 2290,
    "price_original": null,
    "currency": "CLP",
    "size": null,
    "unit_price": 7633,
    "image_url": "https://jumbocl.vteximg.com.br/arquivos/ids/528491-250-250/Jurel-Al-Natural-San-Jose-Lata-300-g-drenado.jpg?v=638967406228430000",
    "productUrl": "https://www.jumbo.cl/jurel-san-jose-lata-425-g-al-natural-con-omega-3/p",
    "in_stock": true,
    "promo_text": null,
    "sku": "3295",
    "rating": 5,
    "description": null
  },
  {
    "id": "3355",
    "name": "Salsa de Tomate Pomarola Natural 200 g",
    "brand": "Pomarola",
    "category": "despensa",
    "price": 870,
    "price_original": null,
    "currency": "CLP",
    "size": null,
    "unit_price": 4350,
    "image_url": "https://jumbocl.vteximg.com.br/arquivos/ids/346660-250-250/Salsa-de-Tomate-Pomarola-natural-doypack-200-g.jpg?v=638776462059800000",
    "productUrl": "https://www.jumbo.cl/salsa-de-tomate-carozzi-doypack-200-g-pomarola-natural/p",
    "in_stock": true,
    "promo_text": null,
    "sku": "3355",
    "rating": 5,
    "description": null
  },
  {
    "id": "16371",
    "name": "Pasta Fusilli Tricolor Carozzi 400 g",
    "brand": "Carozzi",
    "category": "despensa",
    "price": 1000,
    "price_original": 1190,
    "currency": "CLP",
    "size": null,
    "unit_price": 2363,
    "image_url": "https://jumbocl.vteximg.com.br/arquivos/ids/352352-250-250/Fusilli-tricolori-400-g.jpg?v=638776692589270000",
    "productUrl": "https://www.jumbo.cl/fusilli-carozzi-400-g-tricolori/p",
    "in_stock": true,
    "promo_text": "Lleva 2 por $1.890",
    "sku": "16371",
    "rating": null,
    "description": null
  },
  {
    "id": "2371",
    "name": "Corbatas Lucchetti 400 g",
    "brand": "Lucchetti",
    "category": "despensa",
    "price": 1040,
    "price_original": null,
    "currency": "CLP",
    "size": null,
    "unit_price": 1988,
    "image_url": "https://jumbocl.vteximg.com.br/arquivos/ids/299436-250-250/Corbatas-400-g.jpg?v=638775764609370000",
    "productUrl": "https://www.jumbo.cl/corbatas-lucchetti-bolsa-400-g/p",
    "in_stock": true,
    "promo_text": "Lleva 2 por $1.590",
    "sku": "2371",
    "rating": 5,
    "description": null
  },
  {
    "id": "2423",
    "name": "Farfalle Talliani Corbatas 400 g",
    "brand": "Talliani",
    "category": "despensa",
    "price": 1350,
    "price_original": null,
    "currency": "CLP",
    "size": null,
    "unit_price": 3375,
    "image_url": "https://jumbocl.vteximg.com.br/arquivos/ids/299534-250-250/Farfalle-corbatas-400-g.jpg?v=638775765660000000",
    "productUrl": "https://www.jumbo.cl/farfalle-talliani-bolsa-400-g/p",
    "in_stock": true,
    "promo_text": null,
    "sku": "2423",
    "rating": 5,
    "description": null
  },
  {
    "id": "150180",
    "name": "Atún Lomitos en Aceite 91 g drenado, 140 g neto",
    "brand": "Robinson Crusoe",
    "category": "despensa",
    "price": 1990,
    "price_original": null,
    "currency": "CLP",
    "size": null,
    "unit_price": 21868,
    "image_url": "https://jumbocl.vteximg.com.br/arquivos/ids/512333-250-250/Atun-Lomitos-en-Aceite-91-g-drenado-140-g-neto.jpg?v=638944425303800000",
    "productUrl": "https://www.jumbo.cl/atun-robinson-crusoe-lomitos-en-aceite-91-g-2039523/p",
    "in_stock": true,
    "promo_text": null,
    "sku": "150180",
    "rating": null,
    "description": null
  },
  {
    "id": "68246",
    "name": "Compota Vivo Mifrut Plátano 90 g",
    "brand": "Vivo",
    "category": "despensa",
    "price": 560,
    "price_original": null,
    "currency": "CLP",
    "size": null,
    "unit_price": null,
    "image_url": "https://jumbocl.vteximg.com.br/arquivos/ids/361744-250-250/Compota-Vivo-Mifrut-platano-90-g.jpg?v=638776739075200000",
    "productUrl": "https://www.jumbo.cl/compota-vivo-mifrut-platano-90-gr/p",
    "in_stock": true,
    "promo_text": null,
    "sku": "68246",
    "rating": 5,
    "description": null
  },
  {
    "id": "1439",
    "name": "Aceite de Oliva Chef Extra Virgen 500 ml",
    "brand": "Chef",
    "category": "despensa",
    "price": 9190,
    "price_original": null,
    "currency": "CLP",
    "size": null,
    "unit_price": null,
    "image_url": "https://jumbocl.vteximg.com.br/arquivos/ids/298603-250-250/Aceite-de-oliva-extra-virgen-500-ml.jpg?v=638775754381070000",
    "productUrl": "https://www.jumbo.cl/aceite-de-oliva-chef-botella-500-ml-extra-virgen-2/p",
    "in_stock": true,
    "promo_text": null,
    "sku": "1439",
    "rating": 5,
    "description": null
  },
  {
    "id": "3374",
    "name": "Salsa de Tomate Maggi Tuco con Carne 980 g",
    "brand": "Maggi",
    "category": "despensa",
    "price": 5990,
    "price_original": null,
    "currency": "CLP",
    "size": null,
    "unit_price": 6112,
    "image_url": "https://jumbocl.vteximg.com.br/arquivos/ids/483221-250-250/Salsa-de-Tomate-Maggi-Tuco-con-Carne-980-g.jpg?v=638888077870300000",
    "productUrl": "https://www.jumbo.cl/pack-salsa-de-tomates-maggi-980-g-4-unid-tuco/p",
    "in_stock": true,
    "promo_text": null,
    "sku": "3374",
    "rating": 4.8,
    "description": null
  },
  {
    "id": "2524",
    "name": "Compota Vivo Mifrut Durazno 90 g",
    "brand": "Vivo",
    "category": "despensa",
    "price": 560,
    "price_original": null,
    "currency": "CLP",
    "size": null,
    "unit_price": null,
    "image_url": "https://jumbocl.vteximg.com.br/arquivos/ids/299607-250-250/Compota-Vivo-90-g-Mifrut-Durazno.jpg?v=638775766598230000",
    "productUrl": "https://www.jumbo.cl/compota-vivo-90-g-mifrut-durazno/p",
    "in_stock": true,
    "promo_text": null,
    "sku": "2524",
    "rating": null,
    "description": null
  },
  {
    "id": "2413",
    "name": "Gnocchi de Papa La Molisana 500 g",
    "brand": "La Molisana",
    "category": "despensa",
    "price": 2390,
    "price_original": null,
    "currency": "CLP",
    "size": null,
    "unit_price": 4780,
    "image_url": "https://jumbocl.vteximg.com.br/arquivos/ids/299517-250-250/Gnocchi-de-papa-500-g.jpg?v=638775765482930000",
    "productUrl": "https://www.jumbo.cl/gnocci-de-papa-producto-exclusivo-jumbo-500-g-la-molisana/p",
    "in_stock": true,
    "promo_text": null,
    "sku": "2413",
    "rating": 4.6,
    "description": null
  },
  {
    "id": "3375",
    "name": "Salsa de Tomate Maggi Tuco con Carne 245 g",
    "brand": "Maggi",
    "category": "despensa",
    "price": 1750,
    "price_original": null,
    "currency": "CLP",
    "size": null,
    "unit_price": 7143,
    "image_url": "https://jumbocl.vteximg.com.br/arquivos/ids/485765-250-250/Salsa-de-Tomate-Maggi-Tuco-con-Carne-245-g.jpg?v=638893306310700000",
    "productUrl": "https://www.jumbo.cl/salsa-de-tomate-maggi-tuco-con-carne-245-g/p",
    "in_stock": true,
    "promo_text": null,
    "sku": "3375",
    "rating": 5,
    "description": null
  },
  {
    "id": "92140",
    "name": "Porotos Negros Iansa Agro Listos 390 g",
    "brand": "Iansa Agro",
    "category": "despensa",
    "price": 1490,
    "price_original": null,
    "currency": "CLP",
    "size": null,
    "unit_price": 2867,
    "image_url": "https://jumbocl.vteximg.com.br/arquivos/ids/472750-250-250/Porotos-Negros-Iansa-Agro-Listos-390-g.jpg?v=638871621748670000",
    "productUrl": "https://www.jumbo.cl/porotos-negros-agro-390-g/p",
    "in_stock": true,
    "promo_text": "4 por 3 a $4.470",
    "sku": "92140",
    "rating": null,
    "description": null
  },
  {
    "id": "2428",
    "name": "Nidos de Fetuccini Talliani Al Huevo 400 g",
    "brand": "Talliani",
    "category": "despensa",
    "price": 1990,
    "price_original": null,
    "currency": "CLP",
    "size": null,
    "unit_price": 4975,
    "image_url": "https://jumbocl.vteximg.com.br/arquivos/ids/299540-250-250/Nidos-de-fetuccini-al-huevo-400-g.jpg?v=638775765734000000",
    "productUrl": "https://www.jumbo.cl/nidos-de-fettuccini-talliani-bolsa-400-g-con-huevos-frescos/p",
    "in_stock": true,
    "promo_text": null,
    "sku": "2428",
    "rating": 5,
    "description": null
  },
  {
    "id": "111486",
    "name": "Compota Watt's Multifruta 90 g",
    "brand": "Watt's",
    "category": "despensa",
    "price": 490,
    "price_original": null,
    "currency": "CLP",
    "size": null,
    "unit_price": 5444,
    "image_url": "https://jumbocl.vteximg.com.br/arquivos/ids/535342-250-250/Compota-Watt-s-Multifruta-90-g.jpg?v=638979478518330000",
    "productUrl": "https://www.jumbo.cl/compota-watts-multifruta-90g-1914571/p",
    "in_stock": true,
    "promo_text": null,
    "sku": "111486",
    "rating": 5,
    "description": null
  },
  {
    "id": "92139",
    "name": "Garbanzos Iansa Agro Listos 230 g drenado",
    "brand": "Iansa Agro",
    "category": "despensa",
    "price": 1490,
    "price_original": null,
    "currency": "CLP",
    "size": null,
    "unit_price": 3821,
    "image_url": "https://jumbocl.vteximg.com.br/arquivos/ids/472729-250-250/Garbanzos-Iansa-Agro-Listos-230-g-drenado.jpg?v=638871621698730000",
    "productUrl": "https://www.jumbo.cl/garbanzos-agro-sin-sal-390-g/p",
    "in_stock": true,
    "promo_text": null,
    "sku": "92139",
    "rating": null,
    "description": null
  },
  {
    "id": "2331",
    "name": "Pasta Tallarín N°87 Carozzi Espinaca 400 g",
    "brand": "Carozzi",
    "category": "despensa",
    "price": 1000,
    "price_original": 1190,
    "currency": "CLP",
    "size": null,
    "unit_price": 2363,
    "image_url": "https://jumbocl.vteximg.com.br/arquivos/ids/299418-250-250/Tallarines-N%C2%B0-87-espinaca-400-g.jpg?v=638775764410900000",
    "productUrl": "https://www.jumbo.cl/tallarines-n-87-carozzi-bolsa-400-g-espinaca-2/p",
    "in_stock": true,
    "promo_text": "Lleva 2 por $1.890",
    "sku": "2331",
    "rating": 5,
    "description": null
  },
  {
    "id": "2294",
    "name": "Pasta Cabello Ángel Corto Carozzi 400 g",
    "brand": "Carozzi",
    "category": "despensa",
    "price": 1090,
    "price_original": null,
    "currency": "CLP",
    "size": null,
    "unit_price": 2725,
    "image_url": "https://jumbocl.vteximg.com.br/arquivos/ids/299382-250-250/Cabellos-de-angel-400-g.jpg?v=638775763940870000",
    "productUrl": "https://www.jumbo.cl/cabellos-de-angel-carozzi-bolsa-400-g/p",
    "in_stock": true,
    "promo_text": null,
    "sku": "2294",
    "rating": 5,
    "description": null
  },
  {
    "id": "92810",
    "name": "Atún Lomitos en Aceite de Oliva 104 g drenado, 130 g neto",
    "brand": "Robinson Crusoe",
    "category": "despensa",
    "price": 2190,
    "price_original": null,
    "currency": "CLP",
    "size": null,
    "unit_price": 21058,
    "image_url": "https://jumbocl.vteximg.com.br/arquivos/ids/367835-250-250/Atun-Lomitos-en-Aceite-de-Oliva-104-g-drenado.jpg?v=638776769725000000",
    "productUrl": "https://www.jumbo.cl/atun-robinson-crusoe-lomitos-en-aceite-de-oliva-104-g-drenado-130-g-neto-1850540/p",
    "in_stock": true,
    "promo_text": null,
    "sku": "92810",
    "rating": 5,
    "description": null
  },
  {
    "id": "1437",
    "name": "Aceite de Oliva Chef Extra Virgen 1 L",
    "brand": "Chef",
    "category": "despensa",
    "price": 18290,
    "price_original": null,
    "currency": "CLP",
    "size": null,
    "unit_price": null,
    "image_url": "https://jumbocl.vteximg.com.br/arquivos/ids/298602-250-250/Aceite-de-Oliva-extra-virgen-1-L.jpg?v=638775754370700000",
    "productUrl": "https://www.jumbo.cl/aceite-de-oliva-chef-botella-1-l-extra-virgen-2/p",
    "in_stock": true,
    "promo_text": null,
    "sku": "1437",
    "rating": 5,
    "description": null
  },
  {
    "id": "2434",
    "name": "Tallarín N°78 Talliani 400 g",
    "brand": "Talliani",
    "category": "despensa",
    "price": 1350,
    "price_original": null,
    "currency": "CLP",
    "size": null,
    "unit_price": 3375,
    "image_url": "https://jumbocl.vteximg.com.br/arquivos/ids/299560-250-250/Tallarin-N%C2%B078-400-g.jpg?v=638775765940370000",
    "productUrl": "https://www.jumbo.cl/tallarines-n-78-talliani-bolsa-400-g/p",
    "in_stock": true,
    "promo_text": null,
    "sku": "2434",
    "rating": null,
    "description": null
  },
  {
    "id": "3358",
    "name": "Salsa de Tomate Carozzi Toscana Arrabbiata 200 g",
    "brand": "Carozzi",
    "category": "despensa",
    "price": 850,
    "price_original": 990,
    "currency": "CLP",
    "size": null,
    "unit_price": 3950,
    "image_url": "https://jumbocl.vteximg.com.br/arquivos/ids/346663-250-250/Salsa-de-Tomate-Toscana-arrabiata-doypack-200-g.jpg?v=638776462088930000",
    "productUrl": "https://www.jumbo.cl/salsa-de-tomate-toscana-carozzi-doypack-200-g-arrabiata/p",
    "in_stock": true,
    "promo_text": "Lleva 2 por $1.580",
    "sku": "3358",
    "rating": 5,
    "description": null
  },
  {
    "id": "17011",
    "name": "Pasta Fusilli La Molisana 500 g",
    "brand": "La Molisana",
    "category": "despensa",
    "price": 1990,
    "price_original": null,
    "currency": "CLP",
    "size": null,
    "unit_price": 3980,
    "image_url": "https://jumbocl.vteximg.com.br/arquivos/ids/303938-250-250/Pasta-fusilli-500-g.jpg?v=638776378431030000",
    "productUrl": "https://www.jumbo.cl/fusilli-la-molisana-500-g-jumbo-importado/p",
    "in_stock": true,
    "promo_text": null,
    "sku": "17011",
    "rating": 5,
    "description": null
  },
  {
    "id": "92138",
    "name": "Lentejas Iansa Agro Listas 390 g",
    "brand": "Iansa Agro",
    "category": "despensa",
    "price": 1490,
    "price_original": null,
    "currency": "CLP",
    "size": null,
    "unit_price": 2867,
    "image_url": "https://jumbocl.vteximg.com.br/arquivos/ids/472709-250-250/Lentejas-Iansa-Agro-Listas-390-g.jpg?v=638871621651870000",
    "productUrl": "https://www.jumbo.cl/lentejas-agro-sin-sal-390-g/p",
    "in_stock": true,
    "promo_text": "4 por 3 a $4.470",
    "sku": "92138",
    "rating": null,
    "description": null
  },
  {
    "id": "17009",
    "name": "Pasta Penne La Molisana 500 g",
    "brand": "La Molisana",
    "category": "despensa",
    "price": 1990,
    "price_original": null,
    "currency": "CLP",
    "size": null,
    "unit_price": 3980,
    "image_url": "https://jumbocl.vteximg.com.br/arquivos/ids/303917-250-250/Pasta-penne-500-g.jpg?v=638776378376800000",
    "productUrl": "https://www.jumbo.cl/penne-la-molisana-500-g-jumbo-importado/p",
    "in_stock": true,
    "promo_text": null,
    "sku": "17009",
    "rating": null,
    "description": null
  },
  {
    "id": "2431",
    "name": "Rigati Talliani Al Huevo 400 g",
    "brand": "Talliani",
    "category": "despensa",
    "price": 1350,
    "price_original": null,
    "currency": "CLP",
    "size": null,
    "unit_price": 3375,
    "image_url": "https://jumbocl.vteximg.com.br/arquivos/ids/299545-250-250/Rigati-al-huevo-400-g.jpg?v=638775765787530000",
    "productUrl": "https://www.jumbo.cl/rigati-talliani-bolsa-400-g-con-huevos-frescos/p",
    "in_stock": true,
    "promo_text": null,
    "sku": "2431",
    "rating": 4.8,
    "description": null
  },
  {
    "id": "147947",
    "name": "Atún Lomitos en Agua con Finas Hierbas 91 g drenado, 140 g neto",
    "brand": "Robinson Crusoe",
    "category": "despensa",
    "price": 1990,
    "price_original": null,
    "currency": "CLP",
    "size": null,
    "unit_price": 16429,
    "image_url": "https://jumbocl.vteximg.com.br/arquivos/ids/446092-250-250/Atun-Lomito-Robinson-Crusoe.jpg?v=638840645413900000",
    "productUrl": "https://www.jumbo.cl/atun-robinson-crusoe-lomitos-140-g-neto-2032535/p",
    "in_stock": true,
    "promo_text": "Lleva 2 por $2.990",
    "sku": "147947",
    "rating": null,
    "description": null
  },
  {
    "id": "111497",
    "name": "Compota Watt's Durazno 90 g",
    "brand": "Watt's",
    "category": "despensa",
    "price": 490,
    "price_original": null,
    "currency": "CLP",
    "size": null,
    "unit_price": 5444,
    "image_url": "https://jumbocl.vteximg.com.br/arquivos/ids/535346-250-250/Compota-Watt-s-Durazno-90-g.jpg?v=638979478527700000",
    "productUrl": "https://www.jumbo.cl/compota-watts-durazno-90g-1914572/p",
    "in_stock": true,
    "promo_text": null,
    "sku": "111497",
    "rating": null,
    "description": null
  },
  {
    "id": "111584",
    "name": "Arvejas 170 g drenado, 310 g neto",
    "brand": "Cuisine & Co",
    "category": "despensa",
    "price": 870,
    "price_original": null,
    "currency": "CLP",
    "size": null,
    "unit_price": 2912,
    "image_url": "https://jumbocl.vteximg.com.br/arquivos/ids/378527-250-250/Arvejas-170-g-drenado.jpg?v=638776815833000000",
    "productUrl": "https://www.jumbo.cl/arvejas-cuisine-and-co-310-g-170-g-1898266/p",
    "in_stock": true,
    "promo_text": "Lleva 2 por $990",
    "sku": "111584",
    "rating": 5,
    "description": null
  },
  {
    "id": "3357",
    "name": "Salsa de Tomate Carozzi Toscana Al Pesto 200 g",
    "brand": "Carozzi",
    "category": "despensa",
    "price": 850,
    "price_original": 990,
    "currency": "CLP",
    "size": null,
    "unit_price": 3950,
    "image_url": "https://jumbocl.vteximg.com.br/arquivos/ids/346662-250-250/Salsa-de-Tomate-Toscana-al-pesto-doypack-200-g.jpg?v=638776462078530000",
    "productUrl": "https://www.jumbo.cl/salsa-de-tomate-toscana-carozzi-doypack-200-g-al-pesto/p",
    "in_stock": true,
    "promo_text": "Lleva 2 por $1.580",
    "sku": "3357",
    "rating": null,
    "description": null
  },
  {
    "id": "111499",
    "name": "Compota Watt's Manzana 90 g",
    "brand": "Watt's",
    "category": "despensa",
    "price": 490,
    "price_original": null,
    "currency": "CLP",
    "size": null,
    "unit_price": 5444,
    "image_url": "https://jumbocl.vteximg.com.br/arquivos/ids/535338-250-250/Compota-Watt-s-Manzana-90-g.jpg?v=638979478503330000",
    "productUrl": "https://www.jumbo.cl/compota-watts-manzana-90g-1914569/p",
    "in_stock": true,
    "promo_text": null,
    "sku": "111499",
    "rating": 5,
    "description": null
  },
  {
    "id": "2300",
    "name": "Pasta Corbata N°80 Carozzi 400 g",
    "brand": "Carozzi",
    "category": "despensa",
    "price": 1090,
    "price_original": null,
    "currency": "CLP",
    "size": null,
    "unit_price": 2725,
    "image_url": "https://jumbocl.vteximg.com.br/arquivos/ids/299388-250-250/Corbatas-400-g.jpg?v=638775764019600000",
    "productUrl": "https://www.jumbo.cl/corbatas-carozzi-bolsa-400-g/p",
    "in_stock": true,
    "promo_text": null,
    "sku": "2300",
    "rating": null,
    "description": null
  },
  {
    "id": "17006",
    "name": "Pasta Fetuccine La Molisana 500 g",
    "brand": "La Molisana",
    "category": "despensa",
    "price": 1990,
    "price_original": null,
    "currency": "CLP",
    "size": null,
    "unit_price": 3980,
    "image_url": "https://jumbocl.vteximg.com.br/arquivos/ids/485836-250-250/Pasta-Fetuccine-La-Molisana-500-g.jpg?v=638894096490130000",
    "productUrl": "https://www.jumbo.cl/fetuccine-la-molisana-500-g-jumbo-importado/p",
    "in_stock": true,
    "promo_text": null,
    "sku": "17006",
    "rating": 5,
    "description": null
  },
  {
    "id": "2318",
    "name": "Pasta Quifaro N°36 Carozzi 400 g",
    "brand": "Carozzi",
    "category": "despensa",
    "price": 1090,
    "price_original": null,
    "currency": "CLP",
    "size": null,
    "unit_price": 2725,
    "image_url": "https://jumbocl.vteximg.com.br/arquivos/ids/299404-250-250/Quifaros-bolsa-400-g.jpg?v=638775764227300000",
    "productUrl": "https://www.jumbo.cl/quifaros-carozzi-bolsa-400-g-2/p",
    "in_stock": true,
    "promo_text": null,
    "sku": "2318",
    "rating": null,
    "description": null
  },
  {
    "id": "2425",
    "name": "Lasaña Precocida Talliani 360 g",
    "brand": "Talliani",
    "category": "despensa",
    "price": 2290,
    "price_original": null,
    "currency": "CLP",
    "size": null,
    "unit_price": 6361,
    "image_url": "https://jumbocl.vteximg.com.br/arquivos/ids/299539-250-250/Lasa%C3%B1a-precocida-360-g.jpg?v=638775765717600000",
    "productUrl": "https://www.jumbo.cl/lasana-talliani-360-g-precocida/p",
    "in_stock": true,
    "promo_text": null,
    "sku": "2425",
    "rating": null,
    "description": null
  },
  {
    "id": "16318",
    "name": "Rigati Talliani 3 Sabores 400 g",
    "brand": "Talliani",
    "category": "despensa",
    "price": 1430,
    "price_original": null,
    "currency": "CLP",
    "size": null,
    "unit_price": 3575,
    "image_url": "https://jumbocl.vteximg.com.br/arquivos/ids/352298-250-250/Rigatti-3-Sabores-400-g.jpg?v=638776692419730000",
    "productUrl": "https://www.jumbo.cl/rigati-talliani-400-g-tres-sabores-huevos-frescos-tomates-y-espinacas/p",
    "in_stock": true,
    "promo_text": null,
    "sku": "16318",
    "rating": 5,
    "description": null
  },
  {
    "id": "2420",
    "name": "Caracoles Talliani 400 g",
    "brand": "Talliani",
    "category": "despensa",
    "price": 1350,
    "price_original": null,
    "currency": "CLP",
    "size": null,
    "unit_price": 3375,
    "image_url": "https://jumbocl.vteximg.com.br/arquivos/ids/299524-250-250/Caracoles-400-g.jpg?v=638775765555530000",
    "productUrl": "https://www.jumbo.cl/caracoles-talliani-bolsa-400-g/p",
    "in_stock": true,
    "promo_text": null,
    "sku": "2420",
    "rating": null,
    "description": null
  },
  {
    "id": "2419",
    "name": "Cabellitos de Ángel Talliani 400 g",
    "brand": "Talliani",
    "category": "despensa",
    "price": 1350,
    "price_original": null,
    "currency": "CLP",
    "size": null,
    "unit_price": 3375,
    "image_url": "https://jumbocl.vteximg.com.br/arquivos/ids/299519-250-250/Cabellitos-de-angel-400-g.jpg?v=638775765508600000",
    "productUrl": "https://www.jumbo.cl/cabellos-de-angel-talliani-bolsa-400-g/p",
    "in_stock": true,
    "promo_text": null,
    "sku": "2419",
    "rating": null,
    "description": null
  },
  {
    "id": "112212",
    "name": "Spaghetti Cuisine & Co 100% Trigo Duro 400 g",
    "brand": "Cuisine & Co",
    "category": "despensa",
    "price": 1040,
    "price_original": null,
    "currency": "CLP",
    "size": null,
    "unit_price": 2113,
    "image_url": "https://jumbocl.vteximg.com.br/arquivos/ids/379245-250-250/Spaghetti-100--trigo-duro-400-g.jpg?v=638776818474770000",
    "productUrl": "https://www.jumbo.cl/spaghetti-100-trigo-duro-c-and-co-400g-1922153/p",
    "in_stock": true,
    "promo_text": "Lleva 2 por $1.690",
    "sku": "112212",
    "rating": 4.1,
    "description": null
  },
  {
    "id": "92141",
    "name": "Porotos Blancos Iansa Agro Listos 390 g",
    "brand": "Iansa Agro",
    "category": "despensa",
    "price": 1490,
    "price_original": null,
    "currency": "CLP",
    "size": null,
    "unit_price": 2867,
    "image_url": "https://jumbocl.vteximg.com.br/arquivos/ids/472768-250-250/Porotos-Blancos-Iansa-Agro-Listos-390-g.jpg?v=638871621801830000",
    "productUrl": "https://www.jumbo.cl/porotos-blancos-agro-390-g/p",
    "in_stock": true,
    "promo_text": "4 por 3 a $4.470",
    "sku": "92141",
    "rating": null,
    "description": null
  },
  {
    "id": "2321",
    "name": "Pasta Rigatoni N°48 Carozzi 400 g",
    "brand": "Carozzi",
    "category": "despensa",
    "price": 1090,
    "price_original": null,
    "currency": "CLP",
    "size": null,
    "unit_price": 2725,
    "image_url": "https://jumbocl.vteximg.com.br/arquivos/ids/299407-250-250/Rigatoni-400-g.jpg?v=638775764268730000",
    "productUrl": "https://www.jumbo.cl/rigatoni-carozzi-bolsa-400-g-2/p",
    "in_stock": true,
    "promo_text": null,
    "sku": "2321",
    "rating": null,
    "description": null
  },
  {
    "id": "128166",
    "name": "Jurel Natural Bajo en Sodio 300 g drenado",
    "brand": "Cuisine & Co",
    "category": "despensa",
    "price": 2230,
    "price_original": null,
    "currency": "CLP",
    "size": null,
    "unit_price": 4983,
    "image_url": "https://jumbocl.vteximg.com.br/arquivos/ids/320054-250-250/JUREL-NATURAL-BAJO-EN-SODIO-C-CO-300G-DR.jpg?v=638776418596000000",
    "productUrl": "https://www.jumbo.cl/jurel-natural-bajo-en-sodio-c-and-co-300g-1959533/p",
    "in_stock": true,
    "promo_text": "Lleva 2 por $2.990",
    "sku": "128166",
    "rating": null,
    "description": null
  },
  {
    "id": "112231",
    "name": "Fusilli 100% Trigo Duro 400 g",
    "brand": "Cuisine & Co",
    "category": "despensa",
    "price": 1040,
    "price_original": null,
    "currency": "CLP",
    "size": null,
    "unit_price": 2113,
    "image_url": "https://jumbocl.vteximg.com.br/arquivos/ids/379255-250-250/Fusilli-100--trigo-duro-400-g.jpg?v=638776818512600000",
    "productUrl": "https://www.jumbo.cl/fusilli-100-trigo-duro-c-and-co-400-gr-1922157/p",
    "in_stock": true,
    "promo_text": "Lleva 2 por $1.690",
    "sku": "112231",
    "rating": 4.8,
    "description": null
  },
  {
    "id": "17008",
    "name": "Pasta Capellini La Molisana 500 g",
    "brand": "La Molisana",
    "category": "despensa",
    "price": 1990,
    "price_original": null,
    "currency": "CLP",
    "size": null,
    "unit_price": 3980,
    "image_url": "https://jumbocl.vteximg.com.br/arquivos/ids/303904-250-250/Pasta-Capellini-La-Molisana-500-g.jpg?v=638776378348830000",
    "productUrl": "https://www.jumbo.cl/capellini-la-molisana-500-g-jumbo-importado/p",
    "in_stock": true,
    "promo_text": null,
    "sku": "17008",
    "rating": 5,
    "description": null
  },
  {
    "id": "112194",
    "name": "Linguine 100% Trigo Duro 400 g",
    "brand": "Cuisine & Co",
    "category": "despensa",
    "price": 1040,
    "price_original": null,
    "currency": "CLP",
    "size": null,
    "unit_price": 2113,
    "image_url": "https://jumbocl.vteximg.com.br/arquivos/ids/379225-250-250/Linguine-100--trigo-duro-400-g.jpg?v=638776818410230000",
    "productUrl": "https://www.jumbo.cl/linguine-100-trigo-duro-c-and-co-400-gr-1922154/p",
    "in_stock": true,
    "promo_text": "Lleva 2 por $1.690",
    "sku": "112194",
    "rating": null,
    "description": null
  },
  {
    "id": "16361",
    "name": "Pasta Mostaccioli N°46 Carozzi 400 g",
    "brand": "Carozzi",
    "category": "despensa",
    "price": 1090,
    "price_original": null,
    "currency": "CLP",
    "size": null,
    "unit_price": 2725,
    "image_url": "https://jumbocl.vteximg.com.br/arquivos/ids/352346-250-250/Mostaccioli-400-g.jpg?v=638776692543230000",
    "productUrl": "https://www.jumbo.cl/mostaccioli-carozzi-400-g/p",
    "in_stock": true,
    "promo_text": null,
    "sku": "16361",
    "rating": null,
    "description": null
  },
  {
    "id": "2306",
    "name": "Pasta Fettuccine N°88 Carozzi 400 g",
    "brand": "Carozzi",
    "category": "despensa",
    "price": 1090,
    "price_original": null,
    "currency": "CLP",
    "size": null,
    "unit_price": 2725,
    "image_url": "https://jumbocl.vteximg.com.br/arquivos/ids/299396-250-250/Fettuccini-N%C2%B0-88-bolsa-400-g.jpg?v=638775764113900000",
    "productUrl": "https://www.jumbo.cl/fettuccini-carozzi-bolsa-400-g-n-88/p",
    "in_stock": true,
    "promo_text": null,
    "sku": "2306",
    "rating": null,
    "description": null
  },
  {
    "id": "101912",
    "name": "Porotos Rojos Listos 390 g",
    "brand": "Iansa Agro",
    "category": "despensa",
    "price": 1490,
    "price_original": null,
    "currency": "CLP",
    "size": null,
    "unit_price": 2236,
    "image_url": "https://jumbocl.vteximg.com.br/arquivos/ids/472786-250-250/Porotos-Rojos-Listos-390-g.jpg?v=638871621861730000",
    "productUrl": "https://www.jumbo.cl/poroto-rojo-iansa/p",
    "in_stock": true,
    "promo_text": "4 por 3 a $4.470",
    "sku": "101912",
    "rating": null,
    "description": null
  },
  {
    "id": "75948",
    "name": "Duraznos Mitades 230 g drenado",
    "brand": "Cuisine & Co",
    "category": "despensa",
    "price": 1390,
    "price_original": null,
    "currency": "CLP",
    "size": null,
    "unit_price": 6043,
    "image_url": "https://jumbocl.vteximg.com.br/arquivos/ids/363433-250-250/Duraznos-mitades-230-g-drenado.jpg?v=638776748304600000",
    "productUrl": "https://www.jumbo.cl/duraznos-mitades-230-g-drenado-cuisine-and-co-1775387/p",
    "in_stock": true,
    "promo_text": null,
    "sku": "75948",
    "rating": 3.5,
    "description": null
  },
  {
    "id": "118854",
    "name": "Lomos de Jurel Ahumado San José 104 g drenado",
    "brand": "San José",
    "category": "despensa",
    "price": 1390,
    "price_original": null,
    "currency": "CLP",
    "size": null,
    "unit_price": 13365,
    "image_url": "https://jumbocl.vteximg.com.br/arquivos/ids/533383-250-250/Lomos-de-Jurel-Ahumado-San-Jose-104-g-drenado.jpg?v=638979415342230000",
    "productUrl": "https://www.jumbo.cl/lomos-de-jurel-ahumado-san-jose-104gr-dr-1939061/p",
    "in_stock": true,
    "promo_text": null,
    "sku": "118854",
    "rating": 5,
    "description": null
  },
  {
    "id": "2328",
    "name": "Pasta Spaghetti Tricolor Carozzi 400 g",
    "brand": "Carozzi",
    "category": "despensa",
    "price": 1000,
    "price_original": 1190,
    "currency": "CLP",
    "size": null,
    "unit_price": 2363,
    "image_url": "https://jumbocl.vteximg.com.br/arquivos/ids/299415-250-250/Spaghetti-N%C2%B05-tricolorri-tomate-clasica-y-espinacas-400-g.jpg?v=638775764369470000",
    "productUrl": "https://www.jumbo.cl/spaghetti-n-5-carozzi-bolsa-400-g-tricolori-tomate-clasica-y-espinacas-2/p",
    "in_stock": true,
    "promo_text": "Lleva 2 por $1.890",
    "sku": "2328",
    "rating": null,
    "description": null
  },
  {
    "id": "6648",
    "name": "Crema de Leche Soprole Natural Larga Vida 200 g.",
    "brand": "Soprole",
    "category": "despensa",
    "price": 1420,
    "price_original": null,
    "currency": "CLP",
    "size": null,
    "unit_price": null,
    "image_url": "https://jumbocl.vteximg.com.br/arquivos/ids/348474-250-250/Crema-espesa-200-g.jpg?v=638776484620630000",
    "productUrl": "https://www.jumbo.cl/crema-espesa-soprole-caja-200-g/p",
    "in_stock": true,
    "promo_text": "Lleva 6 por $6.990",
    "sku": "6648",
    "rating": 5,
    "description": null
  },
  {
    "id": "1954",
    "name": "Porotos Negros Wasil 230 g drenado",
    "brand": "Wasil",
    "category": "despensa",
    "price": 1570,
    "price_original": null,
    "currency": "CLP",
    "size": null,
    "unit_price": 4132,
    "image_url": "https://jumbocl.vteximg.com.br/arquivos/ids/499640-250-250/Porotos-Negros-Wasil-230-g-drenado.jpg?v=638917601266970000",
    "productUrl": "https://www.jumbo.cl/porotos-negros-wasil-caja-380-g-2/p",
    "in_stock": true,
    "promo_text": null,
    "sku": "1954",
    "rating": null,
    "description": null
  },
  {
    "id": "111490",
    "name": "Compota Watt's Pera 90 g",
    "brand": "Watt's",
    "category": "despensa",
    "price": 490,
    "price_original": null,
    "currency": "CLP",
    "size": null,
    "unit_price": 5444,
    "image_url": "https://jumbocl.vteximg.com.br/arquivos/ids/535341-250-250/Compota-Watt-s-Pera-90-g.jpg?v=638979478510370000",
    "productUrl": "https://www.jumbo.cl/compota-watts-pera-90g-1914570/p",
    "in_stock": true,
    "promo_text": null,
    "sku": "111490",
    "rating": null,
    "description": null
  },
  {
    "id": "76196",
    "name": "Pasta Spaguetti La Molisana N° 15 500 g",
    "brand": "La Molisana",
    "category": "despensa",
    "price": 1990,
    "price_original": null,
    "currency": "CLP",
    "size": null,
    "unit_price": 3980,
    "image_url": "https://jumbocl.vteximg.com.br/arquivos/ids/485841-250-250/Pasta-Spaguetti-La-Molisana-N%C2%B0-15-500-g.jpg?v=638894096524800000",
    "productUrl": "https://www.jumbo.cl/pasta-spaguetti-n-15-la-molisana/p",
    "in_stock": true,
    "promo_text": null,
    "sku": "76196",
    "rating": 5,
    "description": null
  },
  {
    "id": "2330",
    "name": "Pasta Tallarín N°87 Carozzi 400 g",
    "brand": "Carozzi",
    "category": "despensa",
    "price": 1090,
    "price_original": null,
    "currency": "CLP",
    "size": null,
    "unit_price": 2725,
    "image_url": "https://jumbocl.vteximg.com.br/arquivos/ids/299417-250-250/Tallarines-N%C2%B0-87-bolsa-400-g.jpg?v=638775764396970000",
    "productUrl": "https://www.jumbo.cl/tallarines-n-87-carozzi-bolsa-400-g-2/p",
    "in_stock": true,
    "promo_text": null,
    "sku": "2330",
    "rating": 5,
    "description": null
  },
  {
    "id": "3583",
    "name": "Palmitos Enteros Esmeralda 220 g drenado",
    "brand": "Esmeralda",
    "category": "despensa",
    "price": 3490,
    "price_original": null,
    "currency": "CLP",
    "size": null,
    "unit_price": 15864,
    "image_url": "https://jumbocl.vteximg.com.br/arquivos/ids/346814-250-250/Palmitos-enteros-Esmeralda-400-g.jpg?v=638776463601700000",
    "productUrl": "https://www.jumbo.cl/palmitos-esmeralda-lata-400-g-enteros-2/p",
    "in_stock": true,
    "promo_text": null,
    "sku": "3583",
    "rating": 4,
    "description": null
  },
  {
    "id": "13711",
    "name": "Pasta Nidos Trattoria Fettuccine 400 g",
    "brand": "Trattoria",
    "category": "despensa",
    "price": 1790,
    "price_original": 2350,
    "currency": "CLP",
    "size": null,
    "unit_price": 4238,
    "image_url": "https://jumbocl.vteximg.com.br/arquivos/ids/351707-250-250/Nidos-de-Fettuccini-Trattoria-400-g.jpg?v=638776686618230000",
    "productUrl": "https://www.jumbo.cl/nidos-de-fettuccini-trattoria-400-g/p",
    "in_stock": true,
    "promo_text": "Lleva 2 por $3.390",
    "sku": "13711",
    "rating": null,
    "description": null
  },
  {
    "id": "2533",
    "name": "Duraznos Cubitos Wasil 265 g drenado, 500 g neto",
    "brand": "Wasil",
    "category": "despensa",
    "price": 1290,
    "price_original": 1790,
    "currency": "CLP",
    "size": null,
    "unit_price": 4868,
    "image_url": "https://jumbocl.vteximg.com.br/arquivos/ids/499648-250-250/Duraznos-Cubitos-Wasil-265-g-drenado-500-g-neto.jpg?v=638917601309130000",
    "productUrl": "https://www.jumbo.cl/durazno-wasil-265-g-drenado-500-g-neto-en-cubitos-listos-para-servir-tetra/p",
    "in_stock": true,
    "promo_text": null,
    "sku": "2533",
    "rating": 5,
    "description": null
  },
  {
    "id": "112209",
    "name": "Penne 100% Trigo Duro 400 g",
    "brand": "Cuisine & Co",
    "category": "despensa",
    "price": 1040,
    "price_original": null,
    "currency": "CLP",
    "size": null,
    "unit_price": 2113,
    "image_url": "https://jumbocl.vteximg.com.br/arquivos/ids/379242-250-250/Penne-100--trigo-duro-400-g.jpg?v=638776818472700000",
    "productUrl": "https://www.jumbo.cl/penne-100-trigo-duro-c-and-co-400-gr-1922155/p",
    "in_stock": true,
    "promo_text": "Lleva 2 por $1.690",
    "sku": "112209",
    "rating": 4.6,
    "description": null
  },
  {
    "id": "145371",
    "name": "Choritos Robinson Crusoe Finas Hierbas 100 g drenado",
    "brand": "Robinson Crusoe",
    "category": "despensa",
    "price": 2190,
    "price_original": null,
    "currency": "CLP",
    "size": null,
    "unit_price": 16450,
    "image_url": "https://jumbocl.vteximg.com.br/arquivos/ids/343143-250-250/Choritos-Robinson-Crusoe-Finas-Hierbas-100-g-drenado.jpg?v=638776442704130000",
    "productUrl": "https://www.jumbo.cl/chorito-r-crusoe-finas-hierbas-100gr-dr-2019020/p",
    "in_stock": true,
    "promo_text": "Lleva 2 por $3.290",
    "sku": "145371",
    "rating": null,
    "description": null
  },
  {
    "id": "146177",
    "name": "Aceite de Oliva Cuisine & Co Extra Virgen 500 ml",
    "brand": "Cuisine & Co",
    "category": "despensa",
    "price": 8990,
    "price_original": null,
    "currency": "CLP",
    "size": null,
    "unit_price": null,
    "image_url": "https://jumbocl.vteximg.com.br/arquivos/ids/447229-250-250/Aceite-de-Oliva-Extra-Virgen-Cuisine---Co-500-ml.jpg?v=638843081551870000",
    "productUrl": "https://www.jumbo.cl/aceite-oliva-ext-vir-cuisine-and-co-500ml-2021580/p",
    "in_stock": true,
    "promo_text": "Paga $6.293",
    "sku": "146177",
    "rating": null,
    "description": null
  },
  {
    "id": "15546",
    "name": "Pack 3 un. Atún Lomitos en Agua 56 g drenado, 80 g neto",
    "brand": "Robinson Crusoe",
    "category": "despensa",
    "price": 3790,
    "price_original": null,
    "currency": "CLP",
    "size": null,
    "unit_price": 22560,
    "image_url": "https://jumbocl.vteximg.com.br/arquivos/ids/352058-250-250/Atun-tripack-en-agua-168-g-drenado.jpg?v=638776691516630000",
    "productUrl": "https://www.jumbo.cl/pack-3-un-atun-robinson-crusoe-lomitos-en-agua-56-g-drenado-80-g-neto-1485559/p",
    "in_stock": true,
    "promo_text": null,
    "sku": "15546",
    "rating": null,
    "description": null
  },
  {
    "id": "103385",
    "name": "Choritos en Aceite Cuisine & Co 100 g drenado 190 g neto",
    "brand": "Cuisine & Co",
    "category": "despensa",
    "price": 1710,
    "price_original": null,
    "currency": "CLP",
    "size": null,
    "unit_price": 12450,
    "image_url": "https://jumbocl.vteximg.com.br/arquivos/ids/373819-250-250/Choritos-en-aceite-100-g-drenado.jpg?v=638776797230570000",
    "productUrl": "https://www.jumbo.cl/choritos-en-aceite-100-g-drenado-cuisine-and-co-1877061/p",
    "in_stock": true,
    "promo_text": "Lleva 2 por $2.490",
    "sku": "103385",
    "rating": 3,
    "description": null
  },
  {
    "id": "89008",
    "name": "Endulzante Daily Líquido Alulosa 270 ml",
    "brand": "Daily Sweet",
    "category": "despensa",
    "price": 3990,
    "price_original": null,
    "currency": "CLP",
    "size": null,
    "unit_price": null,
    "image_url": "https://jumbocl.vteximg.com.br/arquivos/ids/311918-250-250/Endulzante-Daily-Liquido-Alulosa-270-ml.jpg?v=638776395001430000",
    "productUrl": "https://www.jumbo.cl/endulzante-liquido-alulosa-270-ml/p",
    "in_stock": true,
    "promo_text": null,
    "sku": "89008",
    "rating": 5,
    "description": null
  },
  {
    "id": "63505",
    "name": "Pasta Negra de Sepia La Molisana 500 g",
    "brand": "La Molisana",
    "category": "despensa",
    "price": 2990,
    "price_original": null,
    "currency": "CLP",
    "size": null,
    "unit_price": 5980,
    "image_url": "https://jumbocl.vteximg.com.br/arquivos/ids/485840-250-250/Pasta-Negra-de-Sepia-La-Molisana-500-g.jpg?v=638894096517000000",
    "productUrl": "https://www.jumbo.cl/pasta-negra-de-sepia-la-molisana-500g/p",
    "in_stock": true,
    "promo_text": null,
    "sku": "63505",
    "rating": 5,
    "description": null
  },
  {
    "id": "3519",
    "name": "Té Ceylán Supremo Premium 200 g 100 un.",
    "brand": "Supremo",
    "category": "despensa",
    "price": 4850,
    "price_original": 5650,
    "currency": "CLP",
    "size": null,
    "unit_price": null,
    "image_url": "https://jumbocl.vteximg.com.br/arquivos/ids/299897-250-250/Te-Ceylan-Premium-200-g-100-un.jpg?v=638776371360070000",
    "productUrl": "https://www.jumbo.cl/te-ceylan-supremo-premium-200-g-100-unid/p",
    "in_stock": true,
    "promo_text": null,
    "sku": "3519",
    "rating": 4.8,
    "description": null
  },
  {
    "id": "2388",
    "name": "Quífaros Lucchetti 400 g",
    "brand": "Lucchetti",
    "category": "despensa",
    "price": 1040,
    "price_original": null,
    "currency": "CLP",
    "size": null,
    "unit_price": 1988,
    "image_url": "https://jumbocl.vteximg.com.br/arquivos/ids/299482-250-250/Quifaros-400-g.jpg?v=638775765089130000",
    "productUrl": "https://www.jumbo.cl/quifaros-lucchetti-bolsa-400-g/p",
    "in_stock": true,
    "promo_text": "Lleva 2 por $1.590",
    "sku": "2388",
    "rating": 5,
    "description": null
  },
  {
    "id": "105194",
    "name": "Pack 3 un. Atún Lomitos en Aceite 52 g drenado, 65 g neto",
    "brand": "Robinson Crusoe",
    "category": "despensa",
    "price": 3790,
    "price_original": null,
    "currency": "CLP",
    "size": null,
    "unit_price": 24295,
    "image_url": "https://jumbocl.vteximg.com.br/arquivos/ids/374732-250-250/Tripack-atun-en-aceite-156-g-drenado.jpg?v=638776800570230000",
    "productUrl": "https://www.jumbo.cl/pack-3-un-atun-robinson-crusoe-lomitos-en-aceite-52-g-drenado-65-g-neto-1892043/p",
    "in_stock": true,
    "promo_text": null,
    "sku": "105194",
    "rating": null,
    "description": null
  },
  {
    "id": "4279",
    "name": "Harina Selecta con Polvos de Hornear 1 kg",
    "brand": "Selecta",
    "category": "despensa",
    "price": 1390,
    "price_original": 1690,
    "currency": "CLP",
    "size": null,
    "unit_price": 1275,
    "image_url": "https://jumbocl.vteximg.com.br/arquivos/ids/300147-250-250/Harina-con-Polvos-de-Hornear-1-kg.jpg?v=638776371858430000",
    "productUrl": "https://www.jumbo.cl/harina-con-polvos-de-hornear-selecta-1-kg-2/p",
    "in_stock": true,
    "promo_text": "Lleva 2 por $2.550",
    "sku": "4279",
    "rating": null,
    "description": null
  },
  {
    "id": "134885",
    "name": "Atún Lomitos en Agua 91 g drenado, 140 g neto",
    "brand": "Antartic",
    "category": "despensa",
    "price": 1290,
    "price_original": null,
    "currency": "CLP",
    "size": null,
    "unit_price": 14176,
    "image_url": "https://jumbocl.vteximg.com.br/arquivos/ids/322820-250-250/ATUN-LOMITOS-ACEITE-ANTARTIC-91GR-DR.jpg?v=638776426432030000",
    "productUrl": "https://www.jumbo.cl/atun-antartic-lomitos-en-agua-91-g-drenado-1989506/p",
    "in_stock": true,
    "promo_text": null,
    "sku": "134885",
    "rating": null,
    "description": null
  },
  {
    "id": "17013",
    "name": "Pasta Spaghetti Cuadrado La Molisana 500 g",
    "brand": "La Molisana",
    "category": "despensa",
    "price": 1990,
    "price_original": null,
    "currency": "CLP",
    "size": null,
    "unit_price": 3980,
    "image_url": "https://jumbocl.vteximg.com.br/arquivos/ids/485835-250-250/Pasta-Spaghetti-Cuadrado-La-Molisana-500-g.jpg?v=638894096478900000",
    "productUrl": "https://www.jumbo.cl/spaghetti-cuadrado-la-molisana-500-g-jumbo-importado/p",
    "in_stock": true,
    "promo_text": null,
    "sku": "17013",
    "rating": 5,
    "description": null
  },
  {
    "id": "88289",
    "name": "Atún Lomitos en Agua 104 g drenado, 160 g neto",
    "brand": "Otuna",
    "category": "despensa",
    "price": 1820,
    "price_original": null,
    "currency": "CLP",
    "size": null,
    "unit_price": 17500,
    "image_url": "https://jumbocl.vteximg.com.br/arquivos/ids/475631-250-250/Atun-Lomitos-en-Agua-Otuna-104-g-drenado.jpg?v=638872631687370000",
    "productUrl": "https://www.jumbo.cl/atun-otuna-lomitos-en-agua-104-g-drenado-1844684/p",
    "in_stock": true,
    "promo_text": null,
    "sku": "88289",
    "rating": null,
    "description": null
  },
  {
    "id": "63504",
    "name": "Pasta Fusilli Tricolor La Molisana 500 g",
    "brand": "La Molisana",
    "category": "despensa",
    "price": 2390,
    "price_original": null,
    "currency": "CLP",
    "size": null,
    "unit_price": 4780,
    "image_url": "https://jumbocl.vteximg.com.br/arquivos/ids/485839-250-250/Pasta-Fusilli-Tricolor-La-Molisana-500-g.jpg?v=638894096507570000",
    "productUrl": "https://www.jumbo.cl/pasta-fusilli-tricolor-la-molisana-500g/p",
    "in_stock": true,
    "promo_text": null,
    "sku": "63504",
    "rating": 5,
    "description": null
  },
  {
    "id": "75917",
    "name": "Palmitos en Rodajas 220 g drenado",
    "brand": "Cuisine & Co",
    "category": "despensa",
    "price": 2170,
    "price_original": null,
    "currency": "CLP",
    "size": null,
    "unit_price": 6577,
    "image_url": "https://jumbocl.vteximg.com.br/arquivos/ids/363419-250-250/Palmitos-en-rodajas-220-g-drenado.jpg?v=638776748218370000",
    "productUrl": "https://www.jumbo.cl/palmitos-en-rodajas-220-g-drenado-cuisine-and-co-1771557/p",
    "in_stock": true,
    "promo_text": "3 por 2 a $4.340",
    "sku": "75917",
    "rating": 3.8,
    "description": null
  },
  {
    "id": "15934",
    "name": "Pack 3 un. Atún Lomitos en Agua 52 g drenado, 80 g neto",
    "brand": "Van Camp's",
    "category": "despensa",
    "price": 4050,
    "price_original": null,
    "currency": "CLP",
    "size": null,
    "unit_price": 25962,
    "image_url": "https://jumbocl.vteximg.com.br/arquivos/ids/352129-250-250/1500086.jpg?v=638776691811800000",
    "productUrl": "https://www.jumbo.cl/pack-3-un-atun-van-camps-lomitos-en-agua-52-g-drenado-80-g-neto-1500086/p",
    "in_stock": true,
    "promo_text": null,
    "sku": "15934",
    "rating": 5,
    "description": null
  },
  {
    "id": "138131",
    "name": "Pack 2 un. Mayonesa Hellmann's Supreme Artesana Frasco 735 g",
    "brand": "Hellmann's",
    "category": "despensa",
    "price": 9190,
    "price_original": 9990,
    "currency": "CLP",
    "size": null,
    "unit_price": 6564,
    "image_url": "https://jumbocl.vteximg.com.br/arquivos/ids/328833-250-250/Mayonesa-Hellmann-s-Supreme-Artesana-Frasco-Pack-Ahorro-735-g.jpg?v=638776431314000000",
    "productUrl": "https://www.jumbo.cl/pack-mayonesa-supreme-artesana-2-x-735g-1997253/p",
    "in_stock": true,
    "promo_text": null,
    "sku": "138131",
    "rating": 5,
    "description": null
  },
  {
    "id": "1951",
    "name": "Garbanzos Wasil 230 g drenado",
    "brand": "Wasil",
    "category": "despensa",
    "price": 1570,
    "price_original": null,
    "currency": "CLP",
    "size": null,
    "unit_price": 4132,
    "image_url": "https://jumbocl.vteximg.com.br/arquivos/ids/499638-250-250/Garbanzos-Wasil-230-g-drenado.jpg?v=638917599965370000",
    "productUrl": "https://www.jumbo.cl/garbanzos-wasil-caja-380-g-2/p",
    "in_stock": true,
    "promo_text": null,
    "sku": "1951",
    "rating": 5,
    "description": null
  },
  {
    "id": "78861",
    "name": "Pack Salsas de Tomate Italianas 200 ml 6 un.",
    "brand": "Cuisine & Co",
    "category": "despensa",
    "price": 3450,
    "price_original": null,
    "currency": "CLP",
    "size": null,
    "unit_price": null,
    "image_url": "https://jumbocl.vteximg.com.br/arquivos/ids/364056-250-250/Pack-salsas-de-tomate-italianas-6-un-200-ml-c-u.jpg?v=638776751981830000",
    "productUrl": "https://www.jumbo.cl/pack-salsas-de-tomate-italianas-6-un-200-ml-c-u-cuisine-and-co-1807081/p",
    "in_stock": true,
    "promo_text": null,
    "sku": "78861",
    "rating": 5,
    "description": null
  },
  {
    "id": "6625",
    "name": "Crema de Leche Colun 200 ml",
    "brand": "Colun",
    "category": "despensa",
    "price": 1420,
    "price_original": null,
    "currency": "CLP",
    "size": null,
    "unit_price": null,
    "image_url": "https://jumbocl.vteximg.com.br/arquivos/ids/348452-250-250/Crema-de-leche-Colun-200-ml.jpg?v=638776484365230000",
    "productUrl": "https://www.jumbo.cl/crema-de-leche-colun-caja-200-ml/p",
    "in_stock": true,
    "promo_text": "Lleva 3 por $3.390",
    "sku": "6625",
    "rating": null,
    "description": null
  },
  {
    "id": "149072",
    "name": "Salsa de Tomate Maggi Tuco con Carne 200 g",
    "brand": "Maggi",
    "category": "despensa",
    "price": 1000,
    "price_original": null,
    "currency": "CLP",
    "size": null,
    "unit_price": 5000,
    "image_url": "https://jumbocl.vteximg.com.br/arquivos/ids/503055-250-250/Salsa-de-Tomate-Maggi-Tuco-con-Carne-200-g.jpg?v=638924461211230000",
    "productUrl": "https://www.jumbo.cl/salsa-tomate-tuco-2033125/p",
    "in_stock": true,
    "promo_text": null,
    "sku": "149072",
    "rating": null,
    "description": null
  },
  {
    "id": "102460",
    "name": "Gelatina Stevia Limón 22 g",
    "brand": "Cuisine & Co",
    "category": "despensa",
    "price": 780,
    "price_original": null,
    "currency": "CLP",
    "size": null,
    "unit_price": 35455,
    "image_url": "https://jumbocl.vteximg.com.br/arquivos/ids/373096-250-250/Gelatina-stevia-limon-22-g.jpg?v=638776794089800000",
    "productUrl": "https://www.jumbo.cl/gelatina-stevia-limon-22-g-cuisine-and-co-1873800/p",
    "in_stock": true,
    "promo_text": null,
    "sku": "102460",
    "rating": 5,
    "description": null
  },
  {
    "id": "124455",
    "name": "Atún Lomitos en Agua 208 g drenado, 320 g neto",
    "brand": "Robinson Crusoe",
    "category": "despensa",
    "price": 3430,
    "price_original": null,
    "currency": "CLP",
    "size": null,
    "unit_price": 16490,
    "image_url": "https://jumbocl.vteximg.com.br/arquivos/ids/412656-250-250/Atun-Lomitos-en-Agua-208-g-drenado.jpg?v=638797206085030000",
    "productUrl": "https://www.jumbo.cl/atun-robinson-crusoe-lomitos-en-agua-208-g-drenado-320-g-neto-1959549/p",
    "in_stock": true,
    "promo_text": null,
    "sku": "124455",
    "rating": null,
    "description": null
  },
  {
    "id": "55812",
    "name": "Palmitos en Rodajas Esmeralda 220 g drenado",
    "brand": "Esmeralda",
    "category": "despensa",
    "price": 2790,
    "price_original": null,
    "currency": "CLP",
    "size": null,
    "unit_price": 12682,
    "image_url": "https://jumbocl.vteximg.com.br/arquivos/ids/359760-250-250/Palmitos-Esmeralda-en-rodajas-drenado-220-g.jpg?v=638776729683100000",
    "productUrl": "https://www.jumbo.cl/palmitos-en-rodajas-esmeralda-drenado-220-g/p",
    "in_stock": true,
    "promo_text": null,
    "sku": "55812",
    "rating": null,
    "description": null
  },
  {
    "id": "2384",
    "name": "Fideos Mostaccioli Lucchetti 400 g",
    "brand": "Lucchetti",
    "category": "despensa",
    "price": 1040,
    "price_original": null,
    "currency": "CLP",
    "size": null,
    "unit_price": 1988,
    "image_url": "https://jumbocl.vteximg.com.br/arquivos/ids/299476-250-250/Fideos-mostaccioli-400-g.jpg?v=638775765025000000",
    "productUrl": "https://www.jumbo.cl/mostaccioli-lucchetti-bolsa-400-g/p",
    "in_stock": true,
    "promo_text": "Lleva 2 por $1.590",
    "sku": "2384",
    "rating": 5,
    "description": null
  },
  {
    "id": "93044",
    "name": "Atún Lomitos en Agua 104 g drenado, 160 g neto",
    "brand": "Angelmo",
    "category": "despensa",
    "price": 1510,
    "price_original": null,
    "currency": "CLP",
    "size": null,
    "unit_price": 14519,
    "image_url": "https://jumbocl.vteximg.com.br/arquivos/ids/312348-250-250/Atun-Lomitos-En-Agua-Angelmo-104-g-drenado.jpg?v=638776396203800000",
    "productUrl": "https://www.jumbo.cl/atun-angelmo-lomitos-en-agua-104-g-drenado-1841854/p",
    "in_stock": true,
    "promo_text": null,
    "sku": "93044",
    "rating": 2.5,
    "description": null
  },
  {
    "id": "1720",
    "name": "Café Nescafé Mixes Cappuccino 112 g 8 un.",
    "brand": "Nescafé",
    "category": "despensa",
    "price": 3490,
    "price_original": 4190,
    "currency": "CLP",
    "size": null,
    "unit_price": 27920,
    "image_url": "https://jumbocl.vteximg.com.br/arquivos/ids/489789-250-250/Cafe-Nescafe-Mixes-Cappuccino-112-g-8-un.jpg?v=638901254087670000",
    "productUrl": "https://www.jumbo.cl/cafe-capuccino-nescafe-14-g-cu-10-sobres-mixes/p",
    "in_stock": true,
    "promo_text": null,
    "sku": "1720",
    "rating": 4.5,
    "description": null
  },
  {
    "id": "105215",
    "name": "Mayonesa Hellmann's Supreme Artesana 315 g",
    "brand": "Hellmann's",
    "category": "despensa",
    "price": 3679,
    "price_original": null,
    "currency": "CLP",
    "size": null,
    "unit_price": 11679,
    "image_url": "https://jumbocl.vteximg.com.br/arquivos/ids/314515-250-250/Mayonesa-Hellmann-s-Supreme-Artesana-315-g.jpg?v=638776402159000000",
    "productUrl": "https://www.jumbo.cl/hellmann-s-supreme-artesana-squeeze-315gr-1888096/p",
    "in_stock": true,
    "promo_text": null,
    "sku": "105215",
    "rating": 5,
    "description": null
  },
  {
    "id": "2448",
    "name": "Pasta Tallarín N°87 Trattoria 400 g",
    "brand": "Trattoria",
    "category": "despensa",
    "price": 1000,
    "price_original": 1250,
    "currency": "CLP",
    "size": null,
    "unit_price": 2500,
    "image_url": "https://jumbocl.vteximg.com.br/arquivos/ids/299573-250-250/Tallarines-N-87-Trattoria-Bolsa-400-g-Con-huevos-frescos.jpg?v=638775766091170000",
    "productUrl": "https://www.jumbo.cl/tallarines-n-87-trattoria-bolsa-400-g-con-huevos-frescos/p",
    "in_stock": true,
    "promo_text": "Paga $875",
    "sku": "2448",
    "rating": null,
    "description": null
  },
  {
    "id": "84973",
    "name": "Compota Pera Manzana 90 g",
    "brand": "Cuisine & Co",
    "category": "despensa",
    "price": 490,
    "price_original": null,
    "currency": "CLP",
    "size": null,
    "unit_price": null,
    "image_url": "https://jumbocl.vteximg.com.br/arquivos/ids/365691-250-250/Compota-pera-manzana-90-g.jpg?v=638776760127200000",
    "productUrl": "https://www.jumbo.cl/compota-pera-90-g-cuisine-and-co-1821387/p",
    "in_stock": true,
    "promo_text": null,
    "sku": "84973",
    "rating": 5,
    "description": null
  },
  {
    "id": "1671",
    "name": "Café Nescafé Dolca 170 g",
    "brand": "Nescafé",
    "category": "despensa",
    "price": 5690,
    "price_original": null,
    "currency": "CLP",
    "size": null,
    "unit_price": 33471,
    "image_url": "https://jumbocl.vteximg.com.br/arquivos/ids/298764-250-250/Cafe-Nescafe-Dolca-170-g.jpg?v=638775756530400000",
    "productUrl": "https://www.jumbo.cl/cafe-instantaneo-dolca-lata-170-g/p",
    "in_stock": true,
    "promo_text": null,
    "sku": "1671",
    "rating": 4.9,
    "description": null
  },
  {
    "id": "15904",
    "name": "Salsa de Tomate Maggi Tuco Sabor Albahaca 245 g",
    "brand": "Maggi",
    "category": "despensa",
    "price": 1750,
    "price_original": null,
    "currency": "CLP",
    "size": null,
    "unit_price": 7143,
    "image_url": "https://jumbocl.vteximg.com.br/arquivos/ids/483234-250-250/Salsa-de-Tomate-Maggi-Tuco-Sabor-Albahaca-245-g.jpg?v=638888077918770000",
    "productUrl": "https://www.jumbo.cl/salsa-de-tomate-con-albahaca-maggi-tuco-245-g/p",
    "in_stock": true,
    "promo_text": null,
    "sku": "15904",
    "rating": null,
    "description": null
  },
  {
    "id": "2369",
    "name": "Canutos Lucchetti 400 g",
    "brand": "Lucchetti",
    "category": "despensa",
    "price": 1040,
    "price_original": null,
    "currency": "CLP",
    "size": null,
    "unit_price": 1988,
    "image_url": "https://jumbocl.vteximg.com.br/arquivos/ids/299431-250-250/Canutos-400-g.jpg?v=638775764558270000",
    "productUrl": "https://www.jumbo.cl/canutos-lucchetti-bolsa-400-g/p",
    "in_stock": true,
    "promo_text": "Lleva 2 por $1.590",
    "sku": "2369",
    "rating": 5,
    "description": null
  },
  {
    "id": "1686",
    "name": "Bebida Base de Cebada Ecco Instantáneo 170 g",
    "brand": "Ecco",
    "category": "despensa",
    "price": 3550,
    "price_original": null,
    "currency": "CLP",
    "size": null,
    "unit_price": 20882,
    "image_url": "https://jumbocl.vteximg.com.br/arquivos/ids/298789-250-250/Bebida-a-Base-de-Cebada-Ecco-Instantaneo-170-g.jpg?v=638775756835400000",
    "productUrl": "https://www.jumbo.cl/cebada-tostada-ecco-lata-170-g-cereal/p",
    "in_stock": true,
    "promo_text": null,
    "sku": "1686",
    "rating": 5,
    "description": null
  },
  {
    "id": "112213",
    "name": "Farfalle 100% Trigo Duro 400 g",
    "brand": "Cuisine & Co",
    "category": "despensa",
    "price": 1040,
    "price_original": null,
    "currency": "CLP",
    "size": null,
    "unit_price": 2113,
    "image_url": "https://jumbocl.vteximg.com.br/arquivos/ids/379246-250-250/Farfalle-100--trigo-duro-400-g.jpg?v=638776818476300000",
    "productUrl": "https://www.jumbo.cl/farfalle-100-trigo-duro-c-and-co-400-gr-1922156/p",
    "in_stock": true,
    "promo_text": "Lleva 2 por $1.690",
    "sku": "112213",
    "rating": 4.7,
    "description": null
  },
  {
    "id": "16313",
    "name": "Caracoles Talliani 3 Sabores 400 g",
    "brand": "Talliani",
    "category": "despensa",
    "price": 1430,
    "price_original": null,
    "currency": "CLP",
    "size": null,
    "unit_price": 3575,
    "image_url": "https://jumbocl.vteximg.com.br/arquivos/ids/352295-250-250/Caracoles-3-sabores-400-g.jpg?v=638776692414770000",
    "productUrl": "https://www.jumbo.cl/caracoles-talliani-400-g-tres-sabores-huevos-frescos-tomates-y-espinacas/p",
    "in_stock": true,
    "promo_text": null,
    "sku": "16313",
    "rating": null,
    "description": null
  },
  {
    "id": "16507",
    "name": "Polvo de Hornear Imperial 100 g",
    "brand": "Imperial",
    "category": "despensa",
    "price": 1080,
    "price_original": null,
    "currency": "CLP",
    "size": null,
    "unit_price": 10800,
    "image_url": "https://jumbocl.vteximg.com.br/arquivos/ids/352437-250-250/Polvos-de-hornear-100-g.jpg?v=638776692884070000",
    "productUrl": "https://www.jumbo.cl/polvos-de-hornear-imperial-100-g/p",
    "in_stock": true,
    "promo_text": null,
    "sku": "16507",
    "rating": 5,
    "description": null
  },
  {
    "id": "144451",
    "name": "Cápsula Café Dolce Gusto Cappuccino 10 un.",
    "brand": "Nescafé Dolce Gusto",
    "category": "despensa",
    "price": 5990,
    "price_original": null,
    "currency": "CLP",
    "size": null,
    "unit_price": null,
    "image_url": "https://jumbocl.vteximg.com.br/arquivos/ids/483844-250-250/Capsula-Dolce-Gusto-Cappuccino-10-un.jpg?v=638888080384800000",
    "productUrl": "https://www.jumbo.cl/capsula-dolce-gusto-cappuc-10-un-2017593/p",
    "in_stock": true,
    "promo_text": "Lleva 2 por $9.490",
    "sku": "144451",
    "rating": 4.3,
    "description": null
  },
  {
    "id": "2302",
    "name": "Pasta Corbatitas N°30 Carozzi 400 g",
    "brand": "Carozzi",
    "category": "despensa",
    "price": 1090,
    "price_original": null,
    "currency": "CLP",
    "size": null,
    "unit_price": 2725,
    "image_url": "https://jumbocl.vteximg.com.br/arquivos/ids/299391-250-250/Corbatitas-bolsa-400-g.jpg?v=638775764055400000",
    "productUrl": "https://www.jumbo.cl/corbatitas-carozzi-bolsa-400-g/p",
    "in_stock": true,
    "promo_text": null,
    "sku": "2302",
    "rating": null,
    "description": null
  },
  {
    "id": "1737",
    "name": "Café Nescafé Vainilla Latte 148 g (8 un. x 18.5 g)",
    "brand": "Nescafé",
    "category": "despensa",
    "price": 3490,
    "price_original": 4190,
    "currency": "CLP",
    "size": null,
    "unit_price": 23581,
    "image_url": "https://jumbocl.vteximg.com.br/arquivos/ids/298912-250-250/Cafe-Nescafe-Vainilla-Latte-148-g-8-un.jpg?v=638775758206600000",
    "productUrl": "https://www.jumbo.cl/cafe-vainilla-nescafe-caja-8-sobres-mixes/p",
    "in_stock": true,
    "promo_text": null,
    "sku": "1737",
    "rating": 4.7,
    "description": null
  },
  {
    "id": "102458",
    "name": "Gelatina Stevia Berries 22 g",
    "brand": "Cuisine & Co",
    "category": "despensa",
    "price": 780,
    "price_original": null,
    "currency": "CLP",
    "size": null,
    "unit_price": 35455,
    "image_url": "https://jumbocl.vteximg.com.br/arquivos/ids/373097-250-250/Gelatina-stevia-berries-22-g.jpg?v=638776794090130000",
    "productUrl": "https://www.jumbo.cl/gelatina-stevia-berries-22-g-cuisine-and-co-1873798/p",
    "in_stock": true,
    "promo_text": null,
    "sku": "102458",
    "rating": 4.7,
    "description": null
  },
  {
    "id": "102462",
    "name": "Gelatina Stevia Piña 22 g",
    "brand": "Cuisine & Co",
    "category": "despensa",
    "price": 780,
    "price_original": null,
    "currency": "CLP",
    "size": null,
    "unit_price": 35455,
    "image_url": "https://jumbocl.vteximg.com.br/arquivos/ids/373100-250-250/Gelatina-stevia-pi%C3%B1a-22-g.jpg?v=638776794107070000",
    "productUrl": "https://www.jumbo.cl/gelatina-stevia-pina-22-g-cuisine-and-co-1873802/p",
    "in_stock": true,
    "promo_text": null,
    "sku": "102462",
    "rating": 4.5,
    "description": null
  },
  {
    "id": "103854",
    "name": "Café Nescafé Decaf Tarro 170 g",
    "brand": "Nescafé",
    "category": "despensa",
    "price": 7750,
    "price_original": null,
    "currency": "CLP",
    "size": null,
    "unit_price": 45588,
    "image_url": "https://jumbocl.vteximg.com.br/arquivos/ids/374072-250-250/Cafe-descafeinado-Decaf-170-g.jpg?v=638776798225200000",
    "productUrl": "https://www.jumbo.cl/cafe-decaf-tarro-nescafe-170gr-1885272/p",
    "in_stock": true,
    "promo_text": null,
    "sku": "103854",
    "rating": 4.9,
    "description": null
  },
  {
    "id": "146770",
    "name": "Wok de Quinoa Andina Plato Listo Ya! 220 g",
    "brand": "Iansa Agro",
    "category": "despensa",
    "price": 2990,
    "price_original": 3490,
    "currency": "CLP",
    "size": null,
    "unit_price": 13591,
    "image_url": "https://jumbocl.vteximg.com.br/arquivos/ids/478953-250-250/Wok-de-Quinoa-Andina-Plato-Listo-Ya--220-g.jpg?v=638877533282200000",
    "productUrl": "https://www.jumbo.cl/plato-listo-quinoa-andina-vegetales-220g-2024563/p",
    "in_stock": true,
    "promo_text": null,
    "sku": "146770",
    "rating": 5,
    "description": null
  },
  {
    "id": "1730",
    "name": "Café Nescafé Fina Selección Colombia Frasco 100 g",
    "brand": "Nescafé",
    "category": "despensa",
    "price": 10550,
    "price_original": null,
    "currency": "CLP",
    "size": null,
    "unit_price": 105500,
    "image_url": "https://jumbocl.vteximg.com.br/arquivos/ids/298882-250-250/Cafe-Nescafe-Fina-Seleccion-Colombia-Frasco-100-g.jpg?v=638775757893000000",
    "productUrl": "https://www.jumbo.cl/cafe-instantaneo-nescafe-frasco-100-g-cap-colombie-arabico-granulado/p",
    "in_stock": true,
    "promo_text": null,
    "sku": "1730",
    "rating": 5,
    "description": null
  },
  {
    "id": "133741",
    "name": "Atún Lomitos en Aceite Pouch 475 g drenado, 500 g neto",
    "brand": "Cuisine & Co",
    "category": "despensa",
    "price": 6090,
    "price_original": null,
    "currency": "CLP",
    "size": null,
    "unit_price": 12821,
    "image_url": "https://jumbocl.vteximg.com.br/arquivos/ids/322214-250-250/Atun-Pouch-Aceite-Cuisine---Co-475-g.jpg?v=638776425361300000",
    "productUrl": "https://www.jumbo.cl/atun-cuisine-and-co-lomitos-en-aceite-pouch-475-g-drenado-500-g-neto-1986313/p",
    "in_stock": true,
    "promo_text": null,
    "sku": "133741",
    "rating": null,
    "description": null
  },
  {
    "id": "92708",
    "name": "Mermelada Mora Sin Azúcar 200 g",
    "brand": "Cuisine & Co",
    "category": "despensa",
    "price": 1350,
    "price_original": null,
    "currency": "CLP",
    "size": null,
    "unit_price": 6750,
    "image_url": "https://jumbocl.vteximg.com.br/arquivos/ids/312379-250-250/Mermelada-de-Mora-Sin-Azucar-200-g.jpg?v=638776396319200000",
    "productUrl": "https://www.jumbo.cl/mermelada-de-mora-sin-azucar-200-g-cuisine-and-co-1844843/p",
    "in_stock": true,
    "promo_text": null,
    "sku": "92708",
    "rating": 2.8,
    "description": null
  },
  {
    "id": "61263",
    "name": "Café Nescafé Fina Selección Espresso Frasco 100 g",
    "brand": "Nescafé",
    "category": "despensa",
    "price": 10550,
    "price_original": null,
    "currency": "CLP",
    "size": null,
    "unit_price": 105500,
    "image_url": "https://jumbocl.vteximg.com.br/arquivos/ids/309414-250-250/Cafe-Nescafe-Fina-Seleccion-Espresso-100-g.jpg?v=638776388945830000",
    "productUrl": "https://www.jumbo.cl/cafe-nescafe-espresso-100-g/p",
    "in_stock": true,
    "promo_text": null,
    "sku": "61263",
    "rating": 4.8,
    "description": null
  },
  {
    "id": "1457",
    "name": "Aceite de Oliva Las Doscientas Premium Extra Virgen 500 ml",
    "brand": "Las Doscientas",
    "category": "despensa",
    "price": 7390,
    "price_original": 8990,
    "currency": "CLP",
    "size": null,
    "unit_price": null,
    "image_url": "https://jumbocl.vteximg.com.br/arquivos/ids/298613-250-250/Aceite-de-Oliva-Premium-extra-virgen-500-ml.jpg?v=638775754491830000",
    "productUrl": "https://www.jumbo.cl/aceite-de-oliva-las-doscientas-botella-500-ml-picual-extra-virgen-2/p",
    "in_stock": true,
    "promo_text": null,
    "sku": "1457",
    "rating": 4.7,
    "description": null
  },
  {
    "id": "131416",
    "name": "Leche Evaporada Ideal Nestlé Tarro 390 g",
    "brand": "Nestlé",
    "category": "despensa",
    "price": 2220,
    "price_original": null,
    "currency": "CLP",
    "size": null,
    "unit_price": null,
    "image_url": "https://jumbocl.vteximg.com.br/arquivos/ids/320852-250-250/Leche-Evaporada-Ideal-Nestle-Tarro-395-g.jpg?v=638776421940300000",
    "productUrl": "https://www.jumbo.cl/leche-evaporada-ideal-390g-1976555/p",
    "in_stock": true,
    "promo_text": null,
    "sku": "131416",
    "rating": 4,
    "description": null
  },
  {
    "id": "150473",
    "name": "Café Nescafé Fina Selección 140 g",
    "brand": "Nescafé",
    "category": "despensa",
    "price": 7690,
    "price_original": null,
    "currency": "CLP",
    "size": null,
    "unit_price": 54929,
    "image_url": "https://jumbocl.vteximg.com.br/arquivos/ids/519265-250-250/Cafe-Nescafe-Fina-Seleccion-Doypack-140-g.jpg?v=638950438802670000",
    "productUrl": "https://www.jumbo.cl/nescafe-fina-140g-2040548/p",
    "in_stock": true,
    "promo_text": null,
    "sku": "150473",
    "rating": null,
    "description": null
  },
  {
    "id": "99484",
    "name": "Spaghetti Talliani 3 Sabores 400 g",
    "brand": "Talliani",
    "category": "despensa",
    "price": 1430,
    "price_original": null,
    "currency": "CLP",
    "size": null,
    "unit_price": 3575,
    "image_url": "https://jumbocl.vteximg.com.br/arquivos/ids/372017-250-250/Spaghetti-3-sabores-400-g.jpg?v=638776789589000000",
    "productUrl": "https://www.jumbo.cl/spaghetti-3-sabores-talliani-400g-1864393/p",
    "in_stock": true,
    "promo_text": null,
    "sku": "99484",
    "rating": null,
    "description": null
  },
  {
    "id": "17010",
    "name": "Pasta Caracol La Molisana 500 g",
    "brand": "La Molisana",
    "category": "despensa",
    "price": 1990,
    "price_original": null,
    "currency": "CLP",
    "size": null,
    "unit_price": 3980,
    "image_url": "https://jumbocl.vteximg.com.br/arquivos/ids/303927-250-250/Pasta-Caracol-La-Molisana-500-g.jpg?v=638776378405570000",
    "productUrl": "https://www.jumbo.cl/caracol-la-molisana-500-g-jumbo-importado/p",
    "in_stock": true,
    "promo_text": null,
    "sku": "17010",
    "rating": 5,
    "description": null
  },
  {
    "id": "2291",
    "name": "Spaghetti N°5 Barilla Italiano Caja 500 g",
    "brand": "Barilla",
    "category": "despensa",
    "price": 2190,
    "price_original": 2650,
    "currency": "CLP",
    "size": null,
    "unit_price": 4380,
    "image_url": "https://jumbocl.vteximg.com.br/arquivos/ids/299380-250-250/Spaghetti-N-5-italiano-caja-500-g.jpg?v=638775763920230000",
    "productUrl": "https://www.jumbo.cl/spaghetti-n-5-barilla-caja-500-g-origen-italiano/p",
    "in_stock": true,
    "promo_text": null,
    "sku": "2291",
    "rating": 5,
    "description": null
  },
  {
    "id": "111360",
    "name": "Caldo Gallina Cuisine & Co 88 g",
    "brand": "Cuisine & Co",
    "category": "despensa",
    "price": 990,
    "price_original": null,
    "currency": "CLP",
    "size": null,
    "unit_price": null,
    "image_url": "https://jumbocl.vteximg.com.br/arquivos/ids/378393-250-250/CALDO-GALLI-8T-CCO.jpg?v=638776815133600000",
    "productUrl": "https://www.jumbo.cl/caldo-gallina-cuisine-and-co-8-tab-88-gr-1897597/p",
    "in_stock": true,
    "promo_text": null,
    "sku": "111360",
    "rating": 4,
    "description": null
  },
  {
    "id": "16467",
    "name": "Aceite de Pepita de Uva Chef 1 L",
    "brand": "Chef",
    "category": "despensa",
    "price": 7990,
    "price_original": null,
    "currency": "CLP",
    "size": null,
    "unit_price": null,
    "image_url": "https://jumbocl.vteximg.com.br/arquivos/ids/352421-250-250/Aceite-pepa-de-uva-1-L.jpg?v=638776692825430000",
    "productUrl": "https://www.jumbo.cl/aceite-pepita-de-uva-chef-1-l-0-colesterol/p",
    "in_stock": true,
    "promo_text": null,
    "sku": "16467",
    "rating": 5,
    "description": null
  },
  {
    "id": "1950",
    "name": "Carbonada Wasil 380 g",
    "brand": "Wasil",
    "category": "despensa",
    "price": 2190,
    "price_original": 2650,
    "currency": "CLP",
    "size": null,
    "unit_price": 5763,
    "image_url": "https://jumbocl.vteximg.com.br/arquivos/ids/499657-250-250/Carbonada-Wasil-380-g.jpg?v=638917601345170000",
    "productUrl": "https://www.jumbo.cl/carbonada-wasil-380-g-2/p",
    "in_stock": true,
    "promo_text": null,
    "sku": "1950",
    "rating": 5,
    "description": null
  },
  {
    "id": "96437",
    "name": "Azúcar Flor Cuisine & Co 500 g",
    "brand": "Cuisine & Co",
    "category": "despensa",
    "price": 1150,
    "price_original": null,
    "currency": "CLP",
    "size": null,
    "unit_price": 2300,
    "image_url": "https://jumbocl.vteximg.com.br/arquivos/ids/369331-250-250/Azucar-flor-500-g.jpg?v=638776776715470000",
    "productUrl": "https://www.jumbo.cl/azucar-flor-500-g-cuisine-and-co-1821384/p",
    "in_stock": true,
    "promo_text": null,
    "sku": "96437",
    "rating": 4.7,
    "description": null
  },
  {
    "id": "1817",
    "name": "Barra de Cereal Cerealbar Chococereal 8 un. 18 g, 144 g neto",
    "brand": "Costa",
    "category": "despensa",
    "price": 1690,
    "price_original": 1990,
    "currency": "CLP",
    "size": null,
    "unit_price": 11736,
    "image_url": "https://jumbocl.vteximg.com.br/arquivos/ids/299054-250-250/Barra-de-cereal-chocolate-8-un-18-g.jpg?v=638775759892200000",
    "productUrl": "https://www.jumbo.cl/barras-de-cereal-costa-chocolate-18-g-8-unid/p",
    "in_stock": true,
    "promo_text": null,
    "sku": "1817",
    "rating": 5,
    "description": null
  },
  {
    "id": "146169",
    "name": "Aceite de Oliva Cuisine & Co Extra Virgen 250 ml",
    "brand": "Cuisine & Co",
    "category": "despensa",
    "price": 4990,
    "price_original": null,
    "currency": "CLP",
    "size": null,
    "unit_price": null,
    "image_url": "https://jumbocl.vteximg.com.br/arquivos/ids/447227-250-250/Aceite-de-Oliva-Extra-Virgen-Cuisine---Co-250-ml.jpg?v=638843081522730000",
    "productUrl": "https://www.jumbo.cl/aceite-oliva-ext-vir-cuisine-and-co-250ml-2021578/p",
    "in_stock": true,
    "promo_text": "Paga $3.493",
    "sku": "146169",
    "rating": null,
    "description": null
  },
  {
    "id": "88055",
    "name": "Endulzante Líquido Alulosa 180 ml",
    "brand": "Daily Sweet",
    "category": "despensa",
    "price": 3490,
    "price_original": null,
    "currency": "CLP",
    "size": null,
    "unit_price": null,
    "image_url": "https://jumbocl.vteximg.com.br/arquivos/ids/311832-250-250/Endulzante-liquido-alulosa-180-ml.jpg?v=638776394760200000",
    "productUrl": "https://www.jumbo.cl/endulzante-liquido-alulosa-180-ml/p",
    "in_stock": true,
    "promo_text": null,
    "sku": "88055",
    "rating": 5,
    "description": null
  },
  {
    "id": "150618",
    "name": "Endulzante Líquido Daily Alulosa 400 ml",
    "brand": "Daily",
    "category": "despensa",
    "price": 5150,
    "price_original": null,
    "currency": "CLP",
    "size": null,
    "unit_price": null,
    "image_url": "https://jumbocl.vteximg.com.br/arquivos/ids/540599-250-250/Endulzante-Liquido-Daily-Alulosa-400-ml.jpg?v=638986714643100000",
    "productUrl": "https://www.jumbo.cl/daily-alulosa-400-2039862/p",
    "in_stock": true,
    "promo_text": null,
    "sku": "150618",
    "rating": null,
    "description": null
  },
  {
    "id": "103382",
    "name": "Choritos Ahumados Cuisine & Co 100 g drenado 190 g neto",
    "brand": "Cuisine & Co",
    "category": "despensa",
    "price": 1710,
    "price_original": null,
    "currency": "CLP",
    "size": null,
    "unit_price": 12450,
    "image_url": "https://jumbocl.vteximg.com.br/arquivos/ids/373817-250-250/Choritos-ahumados-100-g-drenado.jpg?v=638776797214300000",
    "productUrl": "https://www.jumbo.cl/choritos-ahumados-100-g-drenado-cuisine-and-co-1877058/p",
    "in_stock": true,
    "promo_text": "Lleva 2 por $2.490",
    "sku": "103382",
    "rating": null,
    "description": null
  },
  {
    "id": "118893",
    "name": "Salsa Lista Pomodoro 340 g",
    "brand": "Wasil",
    "category": "despensa",
    "price": 1290,
    "price_original": null,
    "currency": "CLP",
    "size": null,
    "unit_price": 3794,
    "image_url": "https://jumbocl.vteximg.com.br/arquivos/ids/523877-250-250/Salsa-Lista-Pomodoro-340-g.jpg?v=638959916956830000",
    "productUrl": "https://www.jumbo.cl/salsa-de-tomate-pomodoro-wasil-340g-1937047/p",
    "in_stock": true,
    "promo_text": null,
    "sku": "118893",
    "rating": 5,
    "description": null
  },
  {
    "id": "128164",
    "name": "Jurel en Salsa de Tomate 300 g drenado",
    "brand": "Cuisine & Co",
    "category": "despensa",
    "price": 2230,
    "price_original": null,
    "currency": "CLP",
    "size": null,
    "unit_price": 7433,
    "image_url": "https://jumbocl.vteximg.com.br/arquivos/ids/320008-250-250/JUREL-EN-TOMATE-C-C0-300G-DR.jpg?v=638776418537530000",
    "productUrl": "https://www.jumbo.cl/jurel-en-tomate-c-and-c0-300g-1959534/p",
    "in_stock": true,
    "promo_text": null,
    "sku": "128164",
    "rating": 5,
    "description": null
  },
  {
    "id": "84988",
    "name": "Café Instantáneo Starbucks Caramel Latte 92 g",
    "brand": "Starbucks",
    "category": "despensa",
    "price": 4040,
    "price_original": null,
    "currency": "CLP",
    "size": null,
    "unit_price": null,
    "image_url": "https://jumbocl.vteximg.com.br/arquivos/ids/489924-250-250/Cafe-Instantaneo-Starbucks-Caramel-Latte-92-g.jpg?v=638901254675130000",
    "productUrl": "https://www.jumbo.cl/cafe-caramel-latte-sachet-4-un/p",
    "in_stock": true,
    "promo_text": null,
    "sku": "84988",
    "rating": 5,
    "description": null
  },
  {
    "id": "17081",
    "name": "Sardinas en Aceite de Oliva Vigilante 88 g drenado",
    "brand": "Vigilante",
    "category": "despensa",
    "price": 2890,
    "price_original": null,
    "currency": "CLP",
    "size": null,
    "unit_price": 32841,
    "image_url": "https://jumbocl.vteximg.com.br/arquivos/ids/303854-250-250/Sardinas-en-aceite-de-oliva-88-g-drenado.jpg?v=638776378253370000",
    "productUrl": "https://www.jumbo.cl/sardinas-en-aceite-de-oliva-vigilante-120-g/p",
    "in_stock": true,
    "promo_text": null,
    "sku": "17081",
    "rating": 5,
    "description": null
  },
  {
    "id": "115720",
    "name": "Crema Espárragos 68 g",
    "brand": "Cuisine & Co",
    "category": "despensa",
    "price": 560,
    "price_original": null,
    "currency": "CLP",
    "size": null,
    "unit_price": null,
    "image_url": "https://jumbocl.vteximg.com.br/arquivos/ids/381623-250-250/CR-ESPAR-C-CO-68G.jpg?v=638776827738900000",
    "productUrl": "https://www.jumbo.cl/crema-esparragos-cuisine-and-co-68gr-1926332/p",
    "in_stock": true,
    "promo_text": "Lleva 2 por $990",
    "sku": "115720",
    "rating": null,
    "description": null
  },
  {
    "id": "3614",
    "name": "Porotos Granados Wasil 380 g",
    "brand": "Wasil",
    "category": "despensa",
    "price": 2190,
    "price_original": 2820,
    "currency": "CLP",
    "size": null,
    "unit_price": 5763,
    "image_url": "https://jumbocl.vteximg.com.br/arquivos/ids/499652-250-250/Porotos-Granados-Wasil-380-g.jpg?v=638917601323470000",
    "productUrl": "https://www.jumbo.cl/porotos-granados-wasil-caja-380-g-2/p",
    "in_stock": true,
    "promo_text": null,
    "sku": "3614",
    "rating": 5,
    "description": null
  },
  {
    "id": "1722",
    "name": "Café Nescafé Doble Choca Moka 184G (8 un. x 23 g)",
    "brand": "Nescafé",
    "category": "despensa",
    "price": 3490,
    "price_original": 4190,
    "currency": "CLP",
    "size": null,
    "unit_price": 18967,
    "image_url": "https://jumbocl.vteximg.com.br/arquivos/ids/298873-250-250/Cafe-Nescafe-Doble-Choca-Moka-184-g-8-un.jpg?v=638775757782700000",
    "productUrl": "https://www.jumbo.cl/cafe-choca-mocha-nescafe-23-g-cu-caja-8-sobres-mixes/p",
    "in_stock": true,
    "promo_text": null,
    "sku": "1722",
    "rating": 5,
    "description": null
  },
  {
    "id": "128204",
    "name": "Pastelera de Choclo Wasil 380 g",
    "brand": "Wasil",
    "category": "despensa",
    "price": 2190,
    "price_original": 2790,
    "currency": "CLP",
    "size": null,
    "unit_price": 5763,
    "image_url": "https://jumbocl.vteximg.com.br/arquivos/ids/499885-250-250/Pastelera-de-Choclo-Wasil-380-g.jpg?v=638917602098470000",
    "productUrl": "https://www.jumbo.cl/pastelera-de-choclo-wasil-380-gr-1967840/p",
    "in_stock": true,
    "promo_text": null,
    "sku": "128204",
    "rating": 5,
    "description": null
  },
  {
    "id": "1955",
    "name": "Porotos Blancos Wasil 230 g drenado",
    "brand": "Wasil",
    "category": "despensa",
    "price": 1570,
    "price_original": null,
    "currency": "CLP",
    "size": null,
    "unit_price": 4132,
    "image_url": "https://jumbocl.vteximg.com.br/arquivos/ids/499647-250-250/Porotos-Blancos-Wasil-230-g-drenado.jpg?v=638917601299230000",
    "productUrl": "https://www.jumbo.cl/porotos-wasil-caja-380-g-blancos-listos-para-servir-2/p",
    "in_stock": true,
    "promo_text": null,
    "sku": "1955",
    "rating": 5,
    "description": null
  },
  {
    "id": "1952",
    "name": "Lentejas Wasil Listas para Servir 230 g drenado",
    "brand": "Wasil",
    "category": "despensa",
    "price": 1570,
    "price_original": null,
    "currency": "CLP",
    "size": null,
    "unit_price": 4132,
    "image_url": "https://jumbocl.vteximg.com.br/arquivos/ids/499642-250-250/Lentejas-Wasil-Listas-para-Servir-230-g-drenado.jpg?v=638917601275100000",
    "productUrl": "https://www.jumbo.cl/lentejas-wasil-caja-380-g-listas-para-servir-2/p",
    "in_stock": true,
    "promo_text": null,
    "sku": "1952",
    "rating": null,
    "description": null
  },
  {
    "id": "148767",
    "name": "Salsa de Tomate American Dream Cuisine & Co Tradicional 680 g",
    "brand": "Cuisine & Co",
    "category": "despensa",
    "price": 4290,
    "price_original": null,
    "currency": "CLP",
    "size": null,
    "unit_price": 6309,
    "image_url": "https://jumbocl.vteximg.com.br/arquivos/ids/453423-250-250/Salsa-de-Tomate-Cuisine---Co-Tradicional-680-g.jpg?v=638854205298830000",
    "productUrl": "https://www.jumbo.cl/s-tomate-trad-c-and-co-2018784/p",
    "in_stock": true,
    "promo_text": null,
    "sku": "148767",
    "rating": null,
    "description": null
  },
  {
    "id": "1728",
    "name": "Café Nescafé Fina Selección 50 g",
    "brand": "Nescafé",
    "category": "despensa",
    "price": 4190,
    "price_original": null,
    "currency": "CLP",
    "size": null,
    "unit_price": null,
    "image_url": "https://jumbocl.vteximg.com.br/arquivos/ids/298881-250-250/Cafe-Nescafe-Fina-Seleccion-50-g.jpg?v=638775757884570000",
    "productUrl": "https://www.jumbo.cl/cafe-instantaneo-nescafe-50-g-fina-seleccion/p",
    "in_stock": true,
    "promo_text": null,
    "sku": "1728",
    "rating": 4.7,
    "description": null
  },
  {
    "id": "146771",
    "name": "Wok de Arroz Salvaje Plato Listo Ya! 220 g",
    "brand": "Iansa Agro",
    "category": "despensa",
    "price": 2990,
    "price_original": 3490,
    "currency": "CLP",
    "size": null,
    "unit_price": 13591,
    "image_url": "https://jumbocl.vteximg.com.br/arquivos/ids/478993-250-250/Wok-de-Arroz-Salvaje-Plato-Listo-Ya--220-g.jpg?v=638877533360170000",
    "productUrl": "https://www.jumbo.cl/plato-listo-arroz-salvaje-y-porotos-220g-2024565/p",
    "in_stock": true,
    "promo_text": null,
    "sku": "146771",
    "rating": 5,
    "description": null
  },
  {
    "id": "1738",
    "name": "Café Nescafé Moka 144 g (8 un. x 18 g)",
    "brand": "Nescafé",
    "category": "despensa",
    "price": 3490,
    "price_original": 4190,
    "currency": "CLP",
    "size": null,
    "unit_price": 18967,
    "image_url": "https://jumbocl.vteximg.com.br/arquivos/ids/298913-250-250/Cafe-Nescafe-Moka-144-g-8-un.jpg?v=638775758219330000",
    "productUrl": "https://www.jumbo.cl/cafe-vienes-nescafe-18-g-cu-8-sobres-mixes/p",
    "in_stock": true,
    "promo_text": null,
    "sku": "1738",
    "rating": 5,
    "description": null
  },
  {
    "id": "17015",
    "name": "Pasta Fusilli La Molisana Integral 500 g",
    "brand": "La Molisana",
    "category": "despensa",
    "price": 2190,
    "price_original": null,
    "currency": "CLP",
    "size": null,
    "unit_price": 4380,
    "image_url": "https://jumbocl.vteximg.com.br/arquivos/ids/303754-250-250/Pasta-fusilli-integral-La-Molisana-500-g.jpg?v=638776378067630000",
    "productUrl": "https://www.jumbo.cl/fusilli-integral-la-molisana-500-g-jumbo-importado/p",
    "in_stock": true,
    "promo_text": null,
    "sku": "17015",
    "rating": 5,
    "description": null
  },
  {
    "id": "1736",
    "name": "Café Nescafé Tradición 50 g",
    "brand": "Nescafé",
    "category": "despensa",
    "price": 3050,
    "price_original": null,
    "currency": "CLP",
    "size": null,
    "unit_price": null,
    "image_url": "https://jumbocl.vteximg.com.br/arquivos/ids/503073-250-250/Cafe-Nescafe-Tradicion-50-g.jpg?v=638924461367930000",
    "productUrl": "https://www.jumbo.cl/cafe-instantaneo-nescafe-lata-50-g-tradicion/p",
    "in_stock": true,
    "promo_text": null,
    "sku": "1736",
    "rating": 5,
    "description": null
  },
  {
    "id": "1725",
    "name": "Café Nescafé Fina Selección 100 g",
    "brand": "Nescafé",
    "category": "despensa",
    "price": 9250,
    "price_original": null,
    "currency": "CLP",
    "size": null,
    "unit_price": 92500,
    "image_url": "https://jumbocl.vteximg.com.br/arquivos/ids/433847-250-250/Cafe-Nescafe-Fina-Seleccion-100-g.jpg?v=638823539671600000",
    "productUrl": "https://www.jumbo.cl/cafe-instantaneo-nescafe-100-g-fina-seleccion/p",
    "in_stock": true,
    "promo_text": null,
    "sku": "1725",
    "rating": 4.8,
    "description": null
  },
  {
    "id": "2354",
    "name": "Fideos de Arroz Exotic Food Vermicelli Bolsa 250 g",
    "brand": "Exotic Food",
    "category": "despensa",
    "price": 1490,
    "price_original": null,
    "currency": "CLP",
    "size": null,
    "unit_price": 5960,
    "image_url": "https://jumbocl.vteximg.com.br/arquivos/ids/299425-250-250/Fideos-de-Arroz-Exotic-Food-Bolsa-250-g-Vermicelli.jpg?v=638775764497970000",
    "productUrl": "https://www.jumbo.cl/fideos-de-arroz-exotic-food-bolsa-250-g-vermicelli-2/p",
    "in_stock": true,
    "promo_text": null,
    "sku": "2354",
    "rating": 5,
    "description": null
  },
  {
    "id": "92706",
    "name": "Mermelada Cuisine & Co Durazno Sin Azúcar 200 g",
    "brand": "Cuisine & Co",
    "category": "despensa",
    "price": 1350,
    "price_original": null,
    "currency": "CLP",
    "size": null,
    "unit_price": 6750,
    "image_url": "https://jumbocl.vteximg.com.br/arquivos/ids/367787-250-250/Mermelada-durazno-sin-azucar-200-g.jpg?v=638776769476170000",
    "productUrl": "https://www.jumbo.cl/mermelada-durazno-sin-azucar-200-g-cuisine-and-co-1844841/p",
    "in_stock": true,
    "promo_text": null,
    "sku": "92706",
    "rating": 5,
    "description": null
  },
  {
    "id": "98256",
    "name": "Cereal Chocapic 720 g",
    "brand": "Chocapic",
    "category": "despensa",
    "price": 3774,
    "price_original": 6290,
    "currency": "CLP",
    "size": null,
    "unit_price": 5242,
    "image_url": "https://jumbocl.vteximg.com.br/arquivos/ids/313178-250-250/Cereal-Chocapic-720-g.jpg?v=638776398840800000",
    "productUrl": "https://www.jumbo.cl/cereal-chocapic-720-gr-1860645/p",
    "in_stock": true,
    "promo_text": "40% dcto.",
    "sku": "98256",
    "rating": 4.8,
    "description": null
  },
  {
    "id": "17088",
    "name": "Calamares en Trozos en Su Tinta Vigilante 72 g drenado 115 g neto",
    "brand": "Vigilante",
    "category": "despensa",
    "price": 2490,
    "price_original": null,
    "currency": "CLP",
    "size": null,
    "unit_price": 34583,
    "image_url": "https://jumbocl.vteximg.com.br/arquivos/ids/303961-250-250/Calamares-en-trozos-en-su-tinta-Vigilante-72-g-drenado-115-g-neto.jpg?v=638776378472630000",
    "productUrl": "https://www.jumbo.cl/calamares-en-trozos-en-su-tinta-vigilante-72-g-drenado-115-g-neto/p",
    "in_stock": true,
    "promo_text": null,
    "sku": "17088",
    "rating": 5,
    "description": null
  },
  {
    "id": "1732",
    "name": "Café Nescafé Tradición 170 g",
    "brand": "Nescafé",
    "category": "despensa",
    "price": 8750,
    "price_original": null,
    "currency": "CLP",
    "size": null,
    "unit_price": 51471,
    "image_url": "https://jumbocl.vteximg.com.br/arquivos/ids/298888-250-250/Cafe-Nescafe-Tradicion-170-g.jpg?v=638775757949600000",
    "productUrl": "https://www.jumbo.cl/cafe-instantaneo-nescafe-tradicion-170-g-2/p",
    "in_stock": true,
    "promo_text": null,
    "sku": "1732",
    "rating": 4.8,
    "description": null
  },
  {
    "id": "61264",
    "name": "Café Nescafé Fina Selección Alta Rica Frasco 100 g",
    "brand": "Nescafé",
    "category": "despensa",
    "price": 10550,
    "price_original": null,
    "currency": "CLP",
    "size": null,
    "unit_price": 105500,
    "image_url": "https://jumbocl.vteximg.com.br/arquivos/ids/309444-250-250/Cafe-Nescafe-Fina-Seleccion-Alta-Rica-Frasco-100-g.jpg?v=638776388997670000",
    "productUrl": "https://www.jumbo.cl/cafe-nescafe-alta-rica-100-g/p",
    "in_stock": true,
    "promo_text": null,
    "sku": "61264",
    "rating": 4.9,
    "description": null
  },
  {
    "id": "84986",
    "name": "Café Sobres Starbucks Vanilla Latte 86 g 4 un.",
    "brand": "Starbucks",
    "category": "despensa",
    "price": 4040,
    "price_original": null,
    "currency": "CLP",
    "size": null,
    "unit_price": null,
    "image_url": "https://jumbocl.vteximg.com.br/arquivos/ids/365698-250-250/Cafe-Starbucks-Vanilla-Latte-86-g-4-sobres.jpg?v=638776760163070000",
    "productUrl": "https://www.jumbo.cl/cafe-vainilla-latte-sachet-4-un/p",
    "in_stock": true,
    "promo_text": null,
    "sku": "84986",
    "rating": 5,
    "description": null
  },
  {
    "id": "71853",
    "name": "Barra Proteína Wild Protein Chocolate Maní 5 un. 45 g, 225 g neto",
    "brand": "The Wild Foods",
    "category": "despensa",
    "price": 6890,
    "price_original": null,
    "currency": "CLP",
    "size": null,
    "unit_price": 30622,
    "image_url": "https://jumbocl.vteximg.com.br/arquivos/ids/542577-250-250/Barra-Proteina-Wild-Protein-Chocolate-Mani-5-un-45-g-225-g-neto.jpg?v=638991550128700000",
    "productUrl": "https://www.jumbo.cl/barra-protein-wild-choco-mani-5-un-x-45g/p",
    "in_stock": true,
    "promo_text": null,
    "sku": "71853",
    "rating": 4.7,
    "description": null
  },
  {
    "id": "97621",
    "name": "Pasta de Maní Natural King 485 g",
    "brand": "Maní King",
    "category": "despensa",
    "price": 3790,
    "price_original": null,
    "currency": "CLP",
    "size": null,
    "unit_price": 7814,
    "image_url": "https://jumbocl.vteximg.com.br/arquivos/ids/437595-250-250/Pasta-de-Mani-Natural-King-485-g.jpg?v=638831039270330000",
    "productUrl": "https://www.jumbo.cl/pasta-de-mani-natural-king-485g-1856627/p",
    "in_stock": true,
    "promo_text": null,
    "sku": "97621",
    "rating": 4.9,
    "description": null
  },
  {
    "id": "101451",
    "name": "Leche Condensada 397 g",
    "brand": "Cuisine & Co",
    "category": "despensa",
    "price": 1850,
    "price_original": null,
    "currency": "CLP",
    "size": null,
    "unit_price": 4660,
    "image_url": "https://jumbocl.vtexassets.com/arquivos/ids/372580-250-250/L-COND-397-GR-C-CO.jpg?v=638776791916330000",
    "productUrl": "https://www.jumbo.cl/leche-condensada-397-g-cuisine-and-co-1858600/p",
    "in_stock": true,
    "promo_text": null,
    "sku": "101451",
    "rating": 4.4,
    "description": null
  },
  {
    "id": "95757",
    "name": "Leche Evaporada 386 ml",
    "brand": "Cuisine & Co",
    "category": "despensa",
    "price": 1790,
    "price_original": null,
    "currency": "CLP",
    "size": null,
    "unit_price": null,
    "image_url": "https://jumbocl.vtexassets.com/arquivos/ids/369011-250-250/Leche-evaporada-386-ml.jpg?v=638776775232430000",
    "productUrl": "https://www.jumbo.cl/leche-evaporada-386-ml-cuisine-and-co-1843158/p",
    "in_stock": true,
    "promo_text": null,
    "sku": "95757",
    "rating": 5,
    "description": null
  },
  {
    "id": "147496",
    "name": "Leche Condensada Soprole Tarro 396 g",
    "brand": "Soprole",
    "category": "despensa",
    "price": 1890,
    "price_original": null,
    "currency": "CLP",
    "size": null,
    "unit_price": 4773,
    "image_url": "https://jumbocl.vtexassets.com/arquivos/ids/412267-250-250/Leche-Condensada-Soprole-Tarro-396-g.jpg?v=638793055912100000",
    "productUrl": "https://www.jumbo.cl/leche-condensada-soprole-tarro-396-g/p",
    "in_stock": true,
    "promo_text": null,
    "sku": "147496",
    "rating": null,
    "description": null
  },
  {
    "id": "137321",
    "name": "Aceite de Maravilla Chef Spray 180 ml",
    "brand": "Chef",
    "category": "despensa",
    "price": 4990,
    "price_original": null,
    "currency": "CLP",
    "size": null,
    "unit_price": null,
    "image_url": "https://jumbocl.vteximg.com.br/arquivos/ids/327408-250-250/ACEITE-CHEF-MARAVILLA-SPRAY-180-ML.jpg?v=638776429990700000",
    "productUrl": "https://www.jumbo.cl/aceite-chef-maravilla-spray-180-ml-1996646/p",
    "in_stock": true,
    "promo_text": null,
    "sku": "137321",
    "rating": null,
    "description": null
  },
  {
    "id": "1793",
    "name": "Caldo Sabor Verduras Maggi 12 Tabletas 120 g",
    "brand": "Maggi",
    "category": "despensa",
    "price": 1630,
    "price_original": null,
    "currency": "CLP",
    "size": null,
    "unit_price": null,
    "image_url": "https://jumbocl.vteximg.com.br/arquivos/ids/299009-250-250/Caldo-Sabor-Verduras-Maggi-12-Tabletas-120-g.jpg?v=638775759362600000",
    "productUrl": "https://www.jumbo.cl/caldo-de-verduras-maggi-120-g-caja-12-unid/p",
    "in_stock": true,
    "promo_text": null,
    "sku": "1793",
    "rating": 1,
    "description": null
  },
  {
    "id": "102416",
    "name": "Avena Instantánea Cuisine & Co 450 g",
    "brand": "Cuisine & Co",
    "category": "despensa",
    "price": 1790,
    "price_original": null,
    "currency": "CLP",
    "size": null,
    "unit_price": 3333,
    "image_url": "https://jumbocl.vteximg.com.br/arquivos/ids/373068-250-250/AVENA-INST-CCO-450.jpg?v=638776793886670000",
    "productUrl": "https://www.jumbo.cl/avena-instantanea-450-g-cuisine-and-co-1869914/p",
    "in_stock": true,
    "promo_text": "Lleva 2 por $3.000",
    "sku": "102416",
    "rating": 5,
    "description": null
  },
  {
    "id": "102461",
    "name": "Gelatina Stevia Naranja 22 g",
    "brand": "Cuisine & Co",
    "category": "despensa",
    "price": 780,
    "price_original": null,
    "currency": "CLP",
    "size": null,
    "unit_price": 35455,
    "image_url": "https://jumbocl.vteximg.com.br/arquivos/ids/373104-250-250/Gelatina-stevia-naranja-22-g.jpg?v=638776794110500000",
    "productUrl": "https://www.jumbo.cl/gelatina-stevia-naranja-22-g-cuisine-and-co-1873801/p",
    "in_stock": true,
    "promo_text": null,
    "sku": "102461",
    "rating": null,
    "description": null
  },
  {
    "id": "1626",
    "name": "Arroz Grado 2 Tucapel Blue Grano Largo y Delgado 1 kg",
    "brand": "Tucapel",
    "category": "despensa",
    "price": 1190,
    "price_original": 1810,
    "currency": "CLP",
    "size": null,
    "unit_price": 1190,
    "image_url": "https://jumbocl.vteximg.com.br/arquivos/ids/298722-250-250/264603-01_1560.jpg?v=638775755988600000",
    "productUrl": "https://www.jumbo.cl/arroz-grado-2-tucapel-1-kg-blue-bonnet-grano-largo-y-delgado/p",
    "in_stock": true,
    "promo_text": null,
    "sku": "1626",
    "rating": 5,
    "description": null
  },
  {
    "id": "104401",
    "name": "Mayonesa Hellmann's Supreme Artesana 380 g",
    "brand": "Hellmann's",
    "category": "despensa",
    "price": 4229,
    "price_original": null,
    "currency": "CLP",
    "size": null,
    "unit_price": 11129,
    "image_url": "https://jumbocl.vteximg.com.br/arquivos/ids/475650-250-250/Mayonesa-Hellmann-s-Supreme-Artesana-380-g.jpg?v=638872631760670000",
    "productUrl": "https://www.jumbo.cl/mayonesa-supreme-artesana-fco-380-gr-1888092/p",
    "in_stock": true,
    "promo_text": null,
    "sku": "104401",
    "rating": null,
    "description": null
  },
  {
    "id": "2791",
    "name": "Mayonesa Kraft Real Mayo Regular Squeeze 578 g",
    "brand": "Kraft",
    "category": "despensa",
    "price": 6290,
    "price_original": 7450,
    "currency": "CLP",
    "size": null,
    "unit_price": 10808,
    "image_url": "https://jumbocl.vteximg.com.br/arquivos/ids/299780-250-250/Mayonesa-Kraft-582-g.jpg?v=638776371075700000",
    "productUrl": "https://www.jumbo.cl/mayonesa-kraft-squeeze-582-g/p",
    "in_stock": true,
    "promo_text": null,
    "sku": "2791",
    "rating": 4.8,
    "description": null
  },
  {
    "id": "71852",
    "name": "Barra de Proteína Wild Protein Chocolate 45 g 5 un.",
    "brand": "The Wild Foods",
    "category": "despensa",
    "price": 6890,
    "price_original": null,
    "currency": "CLP",
    "size": null,
    "unit_price": 30622,
    "image_url": "https://jumbocl.vteximg.com.br/arquivos/ids/542565-250-250/Barra-de-Proteina-Wild-Protein-Chocolate-45-g-5-un.jpg?v=638991550103100000",
    "productUrl": "https://www.jumbo.cl/barra-protein-wild-chocolate-5-un-x-45g/p",
    "in_stock": true,
    "promo_text": null,
    "sku": "71852",
    "rating": 4.4,
    "description": null
  },
  {
    "id": "2455",
    "name": "Pasta Spaghetti N°5 Vivo 350 g",
    "brand": "Vivo",
    "category": "despensa",
    "price": 1240,
    "price_original": null,
    "currency": "CLP",
    "size": null,
    "unit_price": 3543,
    "image_url": "https://jumbocl.vteximg.com.br/arquivos/ids/299577-250-250/Spaghetti-N-5-Vivo-Bolsa-350-g.jpg?v=638775766136600000",
    "productUrl": "https://www.jumbo.cl/spaghetti-n-5-vivo-bolsa-350-g/p",
    "in_stock": true,
    "promo_text": null,
    "sku": "2455",
    "rating": 5,
    "description": null
  },
  {
    "id": "33614",
    "name": "Caracol XL Extra Di Lusso 500 g",
    "brand": "La Molisana",
    "category": "despensa",
    "price": 2990,
    "price_original": null,
    "currency": "CLP",
    "size": null,
    "unit_price": 5980,
    "image_url": "https://jumbocl.vteximg.com.br/arquivos/ids/307060-250-250/Caracol-xl-extra-Di-lusso-500-g.jpg?v=638776383746130000",
    "productUrl": "https://www.jumbo.cl/caracol-xl-extra-di-lusso-500-g/p",
    "in_stock": true,
    "promo_text": null,
    "sku": "33614",
    "rating": null,
    "description": null
  },
  {
    "id": "155877",
    "name": "Café Nescafé Fina Selección Vainilla 95 g",
    "brand": "Nescafé",
    "category": "despensa",
    "price": 9250,
    "price_original": null,
    "currency": "CLP",
    "size": null,
    "unit_price": 97368,
    "image_url": "https://jumbocl.vteximg.com.br/arquivos/ids/519280-250-250/Cafe-Nescafe-Fina-Seleccion-Van-Jar-95-g.jpg?v=638950438828070000",
    "productUrl": "https://www.jumbo.cl/nescafe-fina-seleccion-van-jar-95-g-2043453/p",
    "in_stock": true,
    "promo_text": null,
    "sku": "155877",
    "rating": null,
    "description": null
  },
  {
    "id": "3284",
    "name": "Salmón en Agua Trozos 100 g drenado",
    "brand": "Robinson Crusoe",
    "category": "despensa",
    "price": 3880,
    "price_original": null,
    "currency": "CLP",
    "size": null,
    "unit_price": 38800,
    "image_url": "https://jumbocl.vteximg.com.br/arquivos/ids/346626-250-250/Salmon-en-agua-trozos-100-g-drenado.jpg?v=638776461749300000",
    "productUrl": "https://www.jumbo.cl/salmon-robinson-crusoe-lata-170-g-neto-114-g-drenado-en-trozos-al-agua/p",
    "in_stock": true,
    "promo_text": null,
    "sku": "3284",
    "rating": null,
    "description": null
  },
  {
    "id": "84987",
    "name": "Café Starbucks Mocha 88 g 4 un.",
    "brand": "Starbucks",
    "category": "despensa",
    "price": 4040,
    "price_original": null,
    "currency": "CLP",
    "size": null,
    "unit_price": null,
    "image_url": "https://jumbocl.vteximg.com.br/arquivos/ids/365697-250-250/Cafe-Starbucks-Mocha-88g-4-sobres.jpg?v=638776760161900000",
    "productUrl": "https://www.jumbo.cl/cafe-mocha-sachet-4-un/p",
    "in_stock": true,
    "promo_text": null,
    "sku": "84987",
    "rating": 5,
    "description": null
  },
  {
    "id": "63503",
    "name": "Pasta Tagliatelle Espinaca La Molisana 500 g",
    "brand": "La Molisana",
    "category": "despensa",
    "price": 2690,
    "price_original": null,
    "currency": "CLP",
    "size": null,
    "unit_price": 5380,
    "image_url": "https://jumbocl.vteximg.com.br/arquivos/ids/309767-250-250/Pasta-tagliatelle-espinaca-La-Molisana-500-g.jpg?v=638776389851900000",
    "productUrl": "https://www.jumbo.cl/pasta-tagliatelle-espin-la-molisana-500g/p",
    "in_stock": true,
    "promo_text": null,
    "sku": "63503",
    "rating": null,
    "description": null
  },
  {
    "id": "1638",
    "name": "Azúcar Blanca Iansa 1 kg",
    "brand": "Iansa",
    "category": "despensa",
    "price": 1490,
    "price_original": null,
    "currency": "CLP",
    "size": null,
    "unit_price": 1245,
    "image_url": "https://jumbocl.vteximg.com.br/arquivos/ids/509381-250-250/Azucar-Blanca-Iansa-1-kg.jpg?v=638935589962170000",
    "productUrl": "https://www.jumbo.cl/azucar-blanca-granulada-iansa-1-kg/p",
    "in_stock": true,
    "promo_text": "Lleva 2 por $2.490",
    "sku": "1638",
    "rating": 4.8,
    "description": null
  },
  {
    "id": "105357",
    "name": "Ají Pebre Cuisine & Co 240 g",
    "brand": "Cuisine & Co",
    "category": "despensa",
    "price": 1329,
    "price_original": null,
    "currency": "CLP",
    "size": null,
    "unit_price": 5538,
    "image_url": "https://jumbocl.vteximg.com.br/arquivos/ids/374855-250-250/Aji-Pebre-240-g.jpg?v=638776801189100000",
    "productUrl": "https://www.jumbo.cl/aji-pebre-240-g-1862207/p",
    "in_stock": true,
    "promo_text": null,
    "sku": "105357",
    "rating": null,
    "description": null
  },
  {
    "id": "103856",
    "name": "Café Nescafé Decaf Tarro 100 g",
    "brand": "Nescafé",
    "category": "despensa",
    "price": 5990,
    "price_original": null,
    "currency": "CLP",
    "size": null,
    "unit_price": 59900,
    "image_url": "https://jumbocl.vteximg.com.br/arquivos/ids/374083-250-250/Cafe-descafeinado-Decaf-100-g.jpg?v=638776798272330000",
    "productUrl": "https://www.jumbo.cl/cafe-decaf-tarro-nescafe-100gr-1885273/p",
    "in_stock": true,
    "promo_text": null,
    "sku": "103856",
    "rating": 5,
    "description": null
  },
  {
    "id": "147023",
    "name": "Salsa de Tomate Heinz Natural 200 g",
    "brand": "Heinz",
    "category": "despensa",
    "price": 910,
    "price_original": null,
    "currency": "CLP",
    "size": null,
    "unit_price": 4550,
    "image_url": "https://jumbocl.vteximg.com.br/arquivos/ids/404372-250-250/Salsa-de-Tomate-Heinz-Natural-200-g.jpg?v=638776918638530000",
    "productUrl": "https://www.jumbo.cl/pasta-sauce-natural-heinz-200g-2021826/p",
    "in_stock": true,
    "promo_text": null,
    "sku": "147023",
    "rating": 5,
    "description": null
  },
  {
    "id": "2319",
    "name": "Ravioli Carozzi Carne 400 g",
    "brand": "Carozzi",
    "category": "despensa",
    "price": 2580,
    "price_original": null,
    "currency": "CLP",
    "size": null,
    "unit_price": 6450,
    "image_url": "https://jumbocl.vteximg.com.br/arquivos/ids/299406-250-250/Ravioli-carne-400-g.jpg?v=638775764253630000",
    "productUrl": "https://www.jumbo.cl/ravioli-carozzi-bolsa-400-g-relleno-carne-2/p",
    "in_stock": true,
    "promo_text": null,
    "sku": "2319",
    "rating": null,
    "description": null
  },
  {
    "id": "111522",
    "name": "Ají Color 100 g",
    "brand": "Cuisine & Co",
    "category": "despensa",
    "price": 1070,
    "price_original": null,
    "currency": "CLP",
    "size": null,
    "unit_price": null,
    "image_url": "https://jumbocl.vteximg.com.br/arquivos/ids/315444-250-250/Aji-Color-100-g.jpg?v=638776405327030000",
    "productUrl": "https://www.jumbo.cl/aji-color-cuisine-and-co-100g-1914331/p",
    "in_stock": true,
    "promo_text": null,
    "sku": "111522",
    "rating": null,
    "description": null
  },
  {
    "id": "59985",
    "name": "Pasta de Tomate Mutti 130 g",
    "brand": "Mutti",
    "category": "despensa",
    "price": 2790,
    "price_original": null,
    "currency": "CLP",
    "size": null,
    "unit_price": 21462,
    "image_url": "https://jumbocl.vteximg.com.br/arquivos/ids/309280-250-250/Pasta-de-tomate-Mutti-130-g.jpg?v=638776388717770000",
    "productUrl": "https://www.jumbo.cl/pasta-tomate-mutti-130g-2/p",
    "in_stock": true,
    "promo_text": null,
    "sku": "59985",
    "rating": 5,
    "description": null
  },
  {
    "id": "103383",
    "name": "Choritos Al Natural Cuisine & Co 100 g drenado 190 g neto",
    "brand": "Cuisine & Co",
    "category": "despensa",
    "price": 1710,
    "price_original": null,
    "currency": "CLP",
    "size": null,
    "unit_price": 12450,
    "image_url": "https://jumbocl.vteximg.com.br/arquivos/ids/373814-250-250/Choritos-al-natural-100-g-drenado.jpg?v=638776797211030000",
    "productUrl": "https://www.jumbo.cl/choritos-al-natural-100-g-drenado-cuisine-and-co-1877059/p",
    "in_stock": true,
    "promo_text": "Lleva 2 por $2.490",
    "sku": "103383",
    "rating": null,
    "description": null
  },
  {
    "id": "111519",
    "name": "Ajo en Polvo 100 g",
    "brand": "Cuisine & Co",
    "category": "despensa",
    "price": 1390,
    "price_original": null,
    "currency": "CLP",
    "size": null,
    "unit_price": null,
    "image_url": "https://jumbocl.vteximg.com.br/arquivos/ids/315423-250-250/Ajo-En-Polvo-100-g.jpg?v=638776405240800000",
    "productUrl": "https://www.jumbo.cl/ajo-en-polvo-cuisine-and-co-100-g-1914330/p",
    "in_stock": true,
    "promo_text": null,
    "sku": "111519",
    "rating": null,
    "description": null
  },
  {
    "id": "103760",
    "name": "Mostaza Cuisine & Co 500 g",
    "brand": "Cuisine & Co",
    "category": "despensa",
    "price": 1550,
    "price_original": null,
    "currency": "CLP",
    "size": null,
    "unit_price": 3100,
    "image_url": "https://jumbocl.vteximg.com.br/arquivos/ids/373973-250-250/Mostaza-500-g.jpg?v=638776797902030000",
    "productUrl": "https://www.jumbo.cl/mostaza-500-g-cuisine-and-co-1866623/p",
    "in_stock": true,
    "promo_text": null,
    "sku": "103760",
    "rating": null,
    "description": null
  },
  {
    "id": "118902",
    "name": "Spaghetti N°5 Talliani Integral 400 g",
    "brand": "Talliani",
    "category": "despensa",
    "price": 1290,
    "price_original": null,
    "currency": "CLP",
    "size": null,
    "unit_price": 3225,
    "image_url": "https://jumbocl.vteximg.com.br/arquivos/ids/384172-250-250/Spaghetti-N%C2%B05-integral-400-g.jpg?v=638776838949530000",
    "productUrl": "https://www.jumbo.cl/talliani-spaghetti-5-integral-400g-1937088/p",
    "in_stock": true,
    "promo_text": null,
    "sku": "118902",
    "rating": null,
    "description": null
  },
  {
    "id": "88191",
    "name": "Café Nescafé Black Roast 170 g",
    "brand": "Nescafé",
    "category": "despensa",
    "price": 9190,
    "price_original": null,
    "currency": "CLP",
    "size": null,
    "unit_price": 54059,
    "image_url": "https://jumbocl.vteximg.com.br/arquivos/ids/311776-250-250/Cafe-Nescafe-Black-Roast-170-g.jpg?v=638776394621600000",
    "productUrl": "https://www.jumbo.cl/cafe-black-roast-170-g/p",
    "in_stock": true,
    "promo_text": null,
    "sku": "88191",
    "rating": 4.8,
    "description": null
  },
  {
    "id": "92707",
    "name": "Mermelada Cuisine & Co Frutilla Sin Azúcar 200 g",
    "brand": "Cuisine & Co",
    "category": "despensa",
    "price": 1390,
    "price_original": null,
    "currency": "CLP",
    "size": null,
    "unit_price": 6950,
    "image_url": "https://jumbocl.vteximg.com.br/arquivos/ids/367788-250-250/Mermelada-frutilla-sin-azucar-200-g.jpg?v=638776769477400000",
    "productUrl": "https://www.jumbo.cl/mermelada-frutilla-sin-azucar-200-g-cuisine-and-co-1844842/p",
    "in_stock": true,
    "promo_text": null,
    "sku": "92707",
    "rating": 2,
    "description": null
  },
  {
    "id": "119195",
    "name": "Salero Cuisine & Co 500 g",
    "brand": "Cuisine & Co",
    "category": "despensa",
    "price": 1220,
    "price_original": null,
    "currency": "CLP",
    "size": null,
    "unit_price": 2440,
    "image_url": "https://jumbocl.vteximg.com.br/arquivos/ids/316998-250-250/Salero-Cuisine-Co-500-g.jpg?v=638776410560930000",
    "productUrl": "https://www.jumbo.cl/salero-cuisine-and-co-500-gr-1924571/p",
    "in_stock": true,
    "promo_text": null,
    "sku": "119195",
    "rating": null,
    "description": null
  },
  {
    "id": "92705",
    "name": "Mermelada Cuisine & Co Damasco Sin Azúcar 200 g",
    "brand": "Cuisine & Co",
    "category": "despensa",
    "price": 1350,
    "price_original": null,
    "currency": "CLP",
    "size": null,
    "unit_price": 6750,
    "image_url": "https://jumbocl.vteximg.com.br/arquivos/ids/367789-250-250/Mermelada-damasco-sin-azucar-200-g.jpg?v=638776769477730000",
    "productUrl": "https://www.jumbo.cl/mermelada-damasco-sin-azucar-200-g-cuisine-and-co-1844840/p",
    "in_stock": true,
    "promo_text": null,
    "sku": "92705",
    "rating": 5,
    "description": null
  },
  {
    "id": "115722",
    "name": "Sopa Pollo Fideos 70 g",
    "brand": "Cuisine & Co",
    "category": "despensa",
    "price": 560,
    "price_original": null,
    "currency": "CLP",
    "size": null,
    "unit_price": null,
    "image_url": "https://jumbocl.vteximg.com.br/arquivos/ids/381627-250-250/S-POL-FID-CCO-70G.jpg?v=638776827741870000",
    "productUrl": "https://www.jumbo.cl/sopa-pollo-fideos-cuisine-and-co-70gr-1926335/p",
    "in_stock": true,
    "promo_text": "Lleva 3 por $1.290",
    "sku": "115722",
    "rating": 1,
    "description": null
  },
  {
    "id": "115721",
    "name": "Sopa Caracolitos 76 g",
    "brand": "Cuisine & Co",
    "category": "despensa",
    "price": 560,
    "price_original": null,
    "currency": "CLP",
    "size": null,
    "unit_price": null,
    "image_url": "https://jumbocl.vteximg.com.br/arquivos/ids/381625-250-250/SCARACOL-C-CO-76G.jpg?v=638776827740300000",
    "productUrl": "https://www.jumbo.cl/sopa-caracolitos-cuisine-and-co-76gr-1926333/p",
    "in_stock": true,
    "promo_text": "Lleva 3 por $1.290",
    "sku": "115721",
    "rating": null,
    "description": null
  },
  {
    "id": "1790",
    "name": "Caldo Sabor Gallina Maggi 12 Tabletas 132 g",
    "brand": "Maggi",
    "category": "despensa",
    "price": 1630,
    "price_original": null,
    "currency": "CLP",
    "size": null,
    "unit_price": null,
    "image_url": "https://jumbocl.vteximg.com.br/arquivos/ids/298991-250-250/Caldo-Sabor-Gallina-Maggi-12-Tabletas-132-g.jpg?v=638775759167530000",
    "productUrl": "https://www.jumbo.cl/caldo-de-gallina-maggi-132-g-caja-12-unid/p",
    "in_stock": true,
    "promo_text": null,
    "sku": "1790",
    "rating": null,
    "description": null
  },
  {
    "id": "17014",
    "name": "Pasta Spaghetti La Molisana Integral 500 g",
    "brand": "La Molisana",
    "category": "despensa",
    "price": 1990,
    "price_original": null,
    "currency": "CLP",
    "size": null,
    "unit_price": 3980,
    "image_url": "https://jumbocl.vteximg.com.br/arquivos/ids/303737-250-250/Pasta-spaghetti-integral-La-Molisana-500-g.jpg?v=638776378040600000",
    "productUrl": "https://www.jumbo.cl/spaghetti-integral-la-molisana-500-g-jumbo-importado/p",
    "in_stock": true,
    "promo_text": null,
    "sku": "17014",
    "rating": 5,
    "description": null
  },
  {
    "id": "106499",
    "name": "Cereal Inflado de Arroz Cuisine & Co 100 g",
    "brand": "Cuisine & Co",
    "category": "despensa",
    "price": 1190,
    "price_original": null,
    "currency": "CLP",
    "size": null,
    "unit_price": null,
    "image_url": "https://jumbocl.vteximg.com.br/arquivos/ids/375702-250-250/Cereal-inflado-de-arroz-100-g.jpg?v=638776804837700000",
    "productUrl": "https://www.jumbo.cl/cereal-dilatado-arroz-cuisine-and-co-100g-1885024/p",
    "in_stock": true,
    "promo_text": null,
    "sku": "106499",
    "rating": null,
    "description": null
  },
  {
    "id": "13597",
    "name": "Aceite de Maravilla Natura 900 ml",
    "brand": "Natura",
    "category": "despensa",
    "price": 3590,
    "price_original": null,
    "currency": "CLP",
    "size": null,
    "unit_price": null,
    "image_url": "https://jumbocl.vteximg.com.br/arquivos/ids/351691-250-250/Aceite-de-Maravilla-900-ml.jpg?v=638776686559830000",
    "productUrl": "https://www.jumbo.cl/aceite-maravilla-natura-900-ml/p",
    "in_stock": true,
    "promo_text": null,
    "sku": "13597",
    "rating": 5,
    "description": null
  },
  {
    "id": "111357",
    "name": "Caldo Costilla 80 g",
    "brand": "Cuisine & Co",
    "category": "despensa",
    "price": 990,
    "price_original": null,
    "currency": "CLP",
    "size": null,
    "unit_price": null,
    "image_url": "https://jumbocl.vteximg.com.br/arquivos/ids/378389-250-250/CALDO-COST-8T-CCO.jpg?v=638776815112400000",
    "productUrl": "https://www.jumbo.cl/caldo-costilla-cuisine-and-co-8-tab-80-gr-1897596/p",
    "in_stock": true,
    "promo_text": null,
    "sku": "111357",
    "rating": null,
    "description": null
  },
  {
    "id": "3605",
    "name": "Arvejas Wasil 205 g drenado",
    "brand": "Wasil",
    "category": "despensa",
    "price": 890,
    "price_original": null,
    "currency": "CLP",
    "size": null,
    "unit_price": 4341,
    "image_url": "https://jumbocl.vteximg.com.br/arquivos/ids/500356-250-250/Arvejas-Wasil-205-g-drenado.jpg?v=638917603503800000",
    "productUrl": "https://www.jumbo.cl/arvejas-wasil-caja-340-g-2/p",
    "in_stock": true,
    "promo_text": null,
    "sku": "3605",
    "rating": null,
    "description": null
  },
  {
    "id": "158933",
    "name": "Calendario Adviento Té English Tea Shop 24 un.",
    "brand": "English Tea Shop",
    "category": "despensa",
    "price": 9990,
    "price_original": null,
    "currency": "CLP",
    "size": null,
    "unit_price": null,
    "image_url": "https://jumbocl.vteximg.com.br/arquivos/ids/538119-250-250/Calendario-Adviento-Te-English-Tea-Shop-24-un.jpg?v=638984627854830000",
    "productUrl": "https://www.jumbo.cl/calendario-adviento-te-ets-24-un/p",
    "in_stock": true,
    "promo_text": null,
    "sku": "158933",
    "rating": null,
    "description": null
  },
  {
    "id": "92702",
    "name": "Mermelada Cuisine & Co Frambuesa 250 g",
    "brand": "Cuisine & Co",
    "category": "despensa",
    "price": 950,
    "price_original": 1090,
    "currency": "CLP",
    "size": null,
    "unit_price": 3800,
    "image_url": "https://jumbocl.vteximg.com.br/arquivos/ids/367785-250-250/Mermelada-frambuesa-250-g.jpg?v=638776769456870000",
    "productUrl": "https://www.jumbo.cl/mermelada-frambuesa-250-g-cuisine-and-co-1844837/p",
    "in_stock": true,
    "promo_text": null,
    "sku": "92702",
    "rating": 4,
    "description": null
  },
  {
    "id": "137309",
    "name": "Aceite de Oliva con Maravilla Chef 1 L",
    "brand": "Chef",
    "category": "despensa",
    "price": 11190,
    "price_original": 12390,
    "currency": "CLP",
    "size": null,
    "unit_price": null,
    "image_url": "https://jumbocl.vteximg.com.br/arquivos/ids/327760-250-250/ACEITE-CHEF-OLIVA-MARAVILLA-LITRO.jpg?v=638776430266300000",
    "productUrl": "https://www.jumbo.cl/aceite-chef-oliva-maravilla-litro-1996645/p",
    "in_stock": true,
    "promo_text": null,
    "sku": "137309",
    "rating": 5,
    "description": null
  },
  {
    "id": "3511",
    "name": "Hierbita 8 Hierbas Supremo Caja 20 g 20 un.",
    "brand": "Supremo",
    "category": "despensa",
    "price": 990,
    "price_original": 1190,
    "currency": "CLP",
    "size": null,
    "unit_price": null,
    "image_url": "https://jumbocl.vteximg.com.br/arquivos/ids/346766-250-250/Hierbita-8-Hierbas-Supremo-Caja-20-g-20-Bolsitas.jpg?v=638776463113630000",
    "productUrl": "https://www.jumbo.cl/hierbita-8-hierbas-supremo-caja-20-g-20-bolsitas/p",
    "in_stock": true,
    "promo_text": null,
    "sku": "3511",
    "rating": 5,
    "description": null
  },
  {
    "id": "118737",
    "name": "Mayonesa Hellmann's Light 700 g",
    "brand": "Hellmann's",
    "category": "despensa",
    "price": 2990,
    "price_original": 3830,
    "currency": "CLP",
    "size": null,
    "unit_price": 4271,
    "image_url": "https://jumbocl.vteximg.com.br/arquivos/ids/409934-250-250/Mayonesa-Hellmann-s-Light-700-g.jpg?v=638788537397230000",
    "productUrl": "https://www.jumbo.cl/hellmanns-mayayonesa-light-12x700g-1937070/p",
    "in_stock": true,
    "promo_text": null,
    "sku": "118737",
    "rating": null,
    "description": null
  },
  {
    "id": "111359",
    "name": "Caldo Verduras 80 g",
    "brand": "Cuisine & Co",
    "category": "despensa",
    "price": 990,
    "price_original": null,
    "currency": "CLP",
    "size": null,
    "unit_price": null,
    "image_url": "https://jumbocl.vteximg.com.br/arquivos/ids/378396-250-250/Caldo-verduras-80-g.jpg?v=638776815138770000",
    "productUrl": "https://www.jumbo.cl/caldo-verdura-cuisine-and-co-8-tab-80-gr-1897599/p",
    "in_stock": true,
    "promo_text": null,
    "sku": "111359",
    "rating": 4,
    "description": null
  },
  {
    "id": "112660",
    "name": "Cereal Chocapic Receta Original 805 g",
    "brand": "Chocapic",
    "category": "despensa",
    "price": 3750,
    "price_original": 6250,
    "currency": "CLP",
    "size": null,
    "unit_price": 4658,
    "image_url": "https://jumbocl.vteximg.com.br/arquivos/ids/502988-250-250/Cereal-Chocapic-Receta-Original-805-g.jpg?v=638924460738830000",
    "productUrl": "https://www.jumbo.cl/cereal-chocapic-receta-original-805gr-1927106/p",
    "in_stock": true,
    "promo_text": "40% dcto.",
    "sku": "112660",
    "rating": 4.8,
    "description": null
  },
  {
    "id": "134524",
    "name": "Frutillas Enteras Wasil 500 g",
    "brand": "Wasil",
    "category": "despensa",
    "price": 1840,
    "price_original": 2190,
    "currency": "CLP",
    "size": null,
    "unit_price": 3680,
    "image_url": "https://jumbocl.vteximg.com.br/arquivos/ids/499907-250-250/Frutillas-Enteras-Wasil-500-g.jpg?v=638917602163000000",
    "productUrl": "https://www.jumbo.cl/frutillas-enteras-wasil-500-gr-1982475/p",
    "in_stock": true,
    "promo_text": null,
    "sku": "134524",
    "rating": 5,
    "description": null
  },
  {
    "id": "123072",
    "name": "Duraznos Mitades Wasil 220 g drenado, 500 g neto",
    "brand": "Wasil",
    "category": "despensa",
    "price": 1290,
    "price_original": 1780,
    "currency": "CLP",
    "size": null,
    "unit_price": 5864,
    "image_url": "https://jumbocl.vteximg.com.br/arquivos/ids/499831-250-250/Duraznos-Mitades-Wasil-220-g-drenado-500-g-neto.jpg?v=638917601952200000",
    "productUrl": "https://www.jumbo.cl/durazno-mitades-wasil-220-gr-dr-1957093/p",
    "in_stock": true,
    "promo_text": null,
    "sku": "123072",
    "rating": null,
    "description": null
  },
  {
    "id": "74453",
    "name": "Choclitos Cóctel 230 g drenado",
    "brand": "Cuisine & Co",
    "category": "despensa",
    "price": 1890,
    "price_original": 2350,
    "currency": "CLP",
    "size": null,
    "unit_price": 8217,
    "image_url": "https://jumbocl.vteximg.com.br/arquivos/ids/362933-250-250/Choclito-cocktail-230-g-drenado.jpg?v=638776745694030000",
    "productUrl": "https://www.jumbo.cl/choclito-cocktail-230-g-drenado-cuisine-and-co-1794601/p",
    "in_stock": true,
    "promo_text": null,
    "sku": "74453",
    "rating": 5,
    "description": null
  },
  {
    "id": "103842",
    "name": "Lentejas 230 g drenado, 390 g neto",
    "brand": "Cuisine & Co",
    "category": "despensa",
    "price": 1330,
    "price_original": null,
    "currency": "CLP",
    "size": null,
    "unit_price": 2551,
    "image_url": "https://jumbocl.vteximg.com.br/arquivos/ids/374069-250-250/LENTEJAS-390-G.jpg?v=638776798207600000",
    "productUrl": "https://www.jumbo.cl/lentejas-390-g-cuisine-and-co-1862253/p",
    "in_stock": true,
    "promo_text": "Lleva 2 por $1.990",
    "sku": "103842",
    "rating": null,
    "description": null
  },
  {
    "id": "3354",
    "name": "Salsa Lista Carozzi Bechamel 200 g",
    "brand": "Carozzi",
    "category": "despensa",
    "price": 1230,
    "price_original": null,
    "currency": "CLP",
    "size": null,
    "unit_price": 4725,
    "image_url": "https://jumbocl.vteximg.com.br/arquivos/ids/346659-250-250/Salsa-Bechamel-lista-200-g.jpg?v=638776462052230000",
    "productUrl": "https://www.jumbo.cl/salsa-bechamel-carozzi-envase-200-g-salsa-lista/p",
    "in_stock": true,
    "promo_text": "Lleva 2 por $1.890",
    "sku": "3354",
    "rating": null,
    "description": null
  },
  {
    "id": "118876",
    "name": "Rigati N° 48 Talliani Integral 400 g",
    "brand": "Talliani",
    "category": "despensa",
    "price": 1320,
    "price_original": null,
    "currency": "CLP",
    "size": null,
    "unit_price": 3300,
    "image_url": "https://jumbocl.vteximg.com.br/arquivos/ids/384136-250-250/Rigati-N%C2%B0-48-integral-400-g.jpg?v=638776838775230000",
    "productUrl": "https://www.jumbo.cl/talliani-rigati-48-integral-400g-1937087/p",
    "in_stock": true,
    "promo_text": null,
    "sku": "118876",
    "rating": null,
    "description": null
  },
  {
    "id": "111518",
    "name": "Aliño Completo 100 g",
    "brand": "Cuisine & Co",
    "category": "despensa",
    "price": 1590,
    "price_original": null,
    "currency": "CLP",
    "size": null,
    "unit_price": null,
    "image_url": "https://jumbocl.vteximg.com.br/arquivos/ids/315417-250-250/Ali%C3%B1o-Completo-100-g.jpg?v=638776405208630000",
    "productUrl": "https://www.jumbo.cl/alino-completo-cuisine-and-co-100-g-1914329/p",
    "in_stock": true,
    "promo_text": null,
    "sku": "111518",
    "rating": null,
    "description": null
  },
  {
    "id": "78528",
    "name": "Pasta Spaghetti Carozzi Integral 400 g",
    "brand": "Carozzi",
    "category": "despensa",
    "price": 950,
    "price_original": 1130,
    "currency": "CLP",
    "size": null,
    "unit_price": 2238,
    "image_url": "https://jumbocl.vteximg.com.br/arquivos/ids/363986-250-250/Spaghetti-N%C2%B05-integral-400-g.jpg?v=638776751491830000",
    "productUrl": "https://www.jumbo.cl/spaghetti-n-5-integral-400-g/p",
    "in_stock": true,
    "promo_text": "Lleva 2 por $1.790",
    "sku": "78528",
    "rating": null,
    "description": null
  },
  {
    "id": "142206",
    "name": "Tajín Clásico 142 g",
    "brand": "Tajín",
    "category": "despensa",
    "price": 4790,
    "price_original": null,
    "currency": "CLP",
    "size": null,
    "unit_price": 33732,
    "image_url": "https://jumbocl.vteximg.com.br/arquivos/ids/336567-250-250/Tajin-Clasico-142-g.jpg?v=638776437726400000",
    "productUrl": "https://www.jumbo.cl/aji-en-polvo-clasico-tajin-142g-1221402/p",
    "in_stock": true,
    "promo_text": null,
    "sku": "142206",
    "rating": null,
    "description": null
  },
  {
    "id": "2298",
    "name": "Pasta Caracoquesos Carozzi 296 g",
    "brand": "Carozzi",
    "category": "despensa",
    "price": 1940,
    "price_original": null,
    "currency": "CLP",
    "size": null,
    "unit_price": 6554,
    "image_url": "https://jumbocl.vteximg.com.br/arquivos/ids/299386-250-250/Caracoquesos-caja-296-g.jpg?v=638775763989270000",
    "productUrl": "https://www.jumbo.cl/caracoquesos-carozzi-caja-296-g/p",
    "in_stock": true,
    "promo_text": null,
    "sku": "2298",
    "rating": 5,
    "description": null
  },
  {
    "id": "103761",
    "name": "Mostaza Cuisine & Co 240 g",
    "brand": "Cuisine & Co",
    "category": "despensa",
    "price": 1410,
    "price_original": null,
    "currency": "CLP",
    "size": null,
    "unit_price": 5875,
    "image_url": "https://jumbocl.vteximg.com.br/arquivos/ids/373976-250-250/Mostaza-240-g.jpg?v=638776797905470000",
    "productUrl": "https://www.jumbo.cl/mostaza-240-g-cuisine-and-co-1866624/p",
    "in_stock": true,
    "promo_text": null,
    "sku": "103761",
    "rating": null,
    "description": null
  },
  {
    "id": "75867",
    "name": "Aceite de Canola 1 L",
    "brand": "Cuisine & Co",
    "category": "despensa",
    "price": 2790,
    "price_original": 3250,
    "currency": "CLP",
    "size": null,
    "unit_price": null,
    "image_url": "https://jumbocl.vteximg.com.br/arquivos/ids/363414-250-250/Aceite-de-canola-1-L.jpg?v=638776748198600000",
    "productUrl": "https://www.jumbo.cl/aceite-de-canola-1-l-cuisine-and-co-1749577/p",
    "in_stock": true,
    "promo_text": null,
    "sku": "75867",
    "rating": 4.8,
    "description": null
  },
  {
    "id": "16480",
    "name": "Aceite Vegetal Belmont 1 L",
    "brand": "Belmont",
    "category": "despensa",
    "price": 3250,
    "price_original": null,
    "currency": "CLP",
    "size": null,
    "unit_price": null,
    "image_url": "https://jumbocl.vteximg.com.br/arquivos/ids/352422-250-250/Aceite-vegetal-1-L.jpg?v=638776692825430000",
    "productUrl": "https://www.jumbo.cl/aceite-vegetal-belmont-1-l-0-colesterol/p",
    "in_stock": true,
    "promo_text": null,
    "sku": "16480",
    "rating": 4,
    "description": null
  },
  {
    "id": "106493",
    "name": "Cereal Inflado de Maíz Cuisine & Co 100 g",
    "brand": "Cuisine & Co",
    "category": "despensa",
    "price": 1190,
    "price_original": null,
    "currency": "CLP",
    "size": null,
    "unit_price": null,
    "image_url": "https://jumbocl.vteximg.com.br/arquivos/ids/375692-250-250/Cereal-inflado-de-maiz-100-g.jpg?v=638776804797870000",
    "productUrl": "https://www.jumbo.cl/cereal-dilatado-maiz-cuisine-and-co-100g-1885026/p",
    "in_stock": true,
    "promo_text": null,
    "sku": "106493",
    "rating": null,
    "description": null
  },
  {
    "id": "111784",
    "name": "Caldo en Polvo Maggi Carne 35 g 5 Sobres de 7 g",
    "brand": "Maggi",
    "category": "despensa",
    "price": 730,
    "price_original": null,
    "currency": "CLP",
    "size": null,
    "unit_price": null,
    "image_url": "https://jumbocl.vteximg.com.br/arquivos/ids/378740-250-250/PACK-CALDO-POLVO-MAGGI-CARNE-5UN.jpg?v=638776816665500000",
    "productUrl": "https://www.jumbo.cl/pack-caldo-polvo-maggi-carne-5un-1925061/p",
    "in_stock": true,
    "promo_text": null,
    "sku": "111784",
    "rating": null,
    "description": null
  },
  {
    "id": "4242",
    "name": "Gelatina Vivo Sin Azúcar Piña 22 g",
    "brand": "Vivo",
    "category": "despensa",
    "price": 690,
    "price_original": 890,
    "currency": "CLP",
    "size": null,
    "unit_price": 31364,
    "image_url": "https://jumbocl.vteximg.com.br/arquivos/ids/347169-250-250/Gelatina-sin-azucar-pi%C3%B1a-22-g.jpg?v=638776467965770000",
    "productUrl": "https://www.jumbo.cl/gelatina-vivo-caja-22-g-pina-con-biosweet-0-azucar/p",
    "in_stock": true,
    "promo_text": null,
    "sku": "4242",
    "rating": null,
    "description": null
  },
  {
    "id": "103759",
    "name": "Kétchup Cuisine & Co 240 g",
    "brand": "Cuisine & Co",
    "category": "despensa",
    "price": 1290,
    "price_original": 1630,
    "currency": "CLP",
    "size": null,
    "unit_price": 5375,
    "image_url": "https://jumbocl.vteximg.com.br/arquivos/ids/373975-250-250/Ketchup-240-g.jpg?v=638776797903300000",
    "productUrl": "https://www.jumbo.cl/ketchup-240-g-cuisine-and-co-1866621/p",
    "in_stock": true,
    "promo_text": null,
    "sku": "103759",
    "rating": null,
    "description": null
  },
  {
    "id": "111358",
    "name": "Caldo de Carne 80 g",
    "brand": "Cuisine & Co",
    "category": "despensa",
    "price": 990,
    "price_original": null,
    "currency": "CLP",
    "size": null,
    "unit_price": null,
    "image_url": "https://jumbocl.vteximg.com.br/arquivos/ids/378390-250-250/CALDO-CARNE-8T-CCO.jpg?v=638776815112700000",
    "productUrl": "https://www.jumbo.cl/caldo-de-carne-cuisine-and-co-8-tab-80-gr-1897598/p",
    "in_stock": true,
    "promo_text": null,
    "sku": "111358",
    "rating": null,
    "description": null
  },
  {
    "id": "2846",
    "name": "Salsa de Soya Gourmet 500 cc",
    "brand": "Gourmet",
    "category": "despensa",
    "price": 2590,
    "price_original": 3260,
    "currency": "CLP",
    "size": null,
    "unit_price": 5180,
    "image_url": "https://jumbocl.vteximg.com.br/arquivos/ids/346482-250-250/Salsa-de-Soya-500-cc.jpg?v=638776459819400000",
    "productUrl": "https://www.jumbo.cl/salsa-de-soya-gourmet-botella-500-cc/p",
    "in_stock": true,
    "promo_text": null,
    "sku": "2846",
    "rating": null,
    "description": null
  },
  {
    "id": "115723",
    "name": "Crema Choclo Cuisine & Co 79 g",
    "brand": "Cuisine & Co",
    "category": "despensa",
    "price": 560,
    "price_original": null,
    "currency": "CLP",
    "size": null,
    "unit_price": null,
    "image_url": "https://jumbocl.vteximg.com.br/arquivos/ids/381624-250-250/CR-CHOCLO-C-CO-79G.jpg?v=638776827738900000",
    "productUrl": "https://www.jumbo.cl/crema-choclo-cuisine-and-co-79gr-1926330/p",
    "in_stock": true,
    "promo_text": "Lleva 2 por $990",
    "sku": "115723",
    "rating": null,
    "description": null
  },
  {
    "id": "146775",
    "name": "Guiso de Trigo Ancestral Plato Listo Ya! 220 g",
    "brand": "Iansa Agro",
    "category": "despensa",
    "price": 2990,
    "price_original": 3490,
    "currency": "CLP",
    "size": null,
    "unit_price": 13591,
    "image_url": "https://jumbocl.vteximg.com.br/arquivos/ids/478971-250-250/Guiso-de-Trigo-Ancestral-Plato-Listo-Ya--220-g.jpg?v=638877533320130000",
    "productUrl": "https://www.jumbo.cl/plato-listo-guiso-trigo-ancestral-220gr-2024564/p",
    "in_stock": true,
    "promo_text": null,
    "sku": "146775",
    "rating": 5,
    "description": null
  },
  {
    "id": "92704",
    "name": "Mermelada Cuisine & Co Mora 250 g",
    "brand": "Cuisine & Co",
    "category": "despensa",
    "price": 950,
    "price_original": 1090,
    "currency": "CLP",
    "size": null,
    "unit_price": 3800,
    "image_url": "https://jumbocl.vteximg.com.br/arquivos/ids/367790-250-250/Mermelada-de-mora-250-g.jpg?v=638776769478500000",
    "productUrl": "https://www.jumbo.cl/mermelada-de-mora-250-g-cuisine-and-co-1844839/p",
    "in_stock": true,
    "promo_text": null,
    "sku": "92704",
    "rating": 5,
    "description": null
  },
  {
    "id": "138108",
    "name": "Puré de Papas Maggi 187 g",
    "brand": "Maggi",
    "category": "despensa",
    "price": 2550,
    "price_original": null,
    "currency": "CLP",
    "size": null,
    "unit_price": 13636,
    "image_url": "https://jumbocl.vteximg.com.br/arquivos/ids/328703-250-250/PURE-DE-PAPAS-MAGGI-187GR.jpg?v=638776431200070000",
    "productUrl": "https://www.jumbo.cl/pure-de-papas-maggi-187gr-1999157/p",
    "in_stock": true,
    "promo_text": null,
    "sku": "138108",
    "rating": null,
    "description": null
  },
  {
    "id": "153966",
    "name": "Aceite de Oliva Chef Extra Virgen Spray 180 ml",
    "brand": "Chef",
    "category": "despensa",
    "price": 6990,
    "price_original": null,
    "currency": "CLP",
    "size": null,
    "unit_price": null,
    "image_url": "https://jumbocl.vteximg.com.br/arquivos/ids/485099-250-250/ACEITE-CHEF-EXTRAVIRGEN-SPRAY-180-ML.jpg?v=638892673274470000",
    "productUrl": "https://www.jumbo.cl/aceite-chef-extravirgen-spray-180-ml-2042499/p",
    "in_stock": true,
    "promo_text": null,
    "sku": "153966",
    "rating": null,
    "description": null
  },
  {
    "id": "144452",
    "name": "Cápsula Café Dolce Gusto Espresso Intenso 10 un.",
    "brand": "Nescafé Dolce Gusto",
    "category": "despensa",
    "price": 5990,
    "price_original": null,
    "currency": "CLP",
    "size": null,
    "unit_price": null,
    "image_url": "https://jumbocl.vteximg.com.br/arquivos/ids/483838-250-250/Capsula-Dolce-Gusto-Espresso-Intenso-10-un.jpg?v=638888080343670000",
    "productUrl": "https://www.jumbo.cl/capsula-dolce-gusto-esp-inso-10-un-2017592/p",
    "in_stock": true,
    "promo_text": "Lleva 2 por $9.490",
    "sku": "144452",
    "rating": 5,
    "description": null
  },
  {
    "id": "16067",
    "name": "Crema de Zapallo Wasil 380 g",
    "brand": "Wasil",
    "category": "despensa",
    "price": 2190,
    "price_original": 2450,
    "currency": "CLP",
    "size": null,
    "unit_price": 5763,
    "image_url": "https://jumbocl.vteximg.com.br/arquivos/ids/499691-250-250/Crema-de-Zapallo-Wasil-380-g.jpg?v=638917601476770000",
    "productUrl": "https://www.jumbo.cl/crema-de-zapallo-wasil-380-g-tetra/p",
    "in_stock": true,
    "promo_text": null,
    "sku": "16067",
    "rating": 5,
    "description": null
  },
  {
    "id": "147028",
    "name": "Salsa de Tomate Heinz Italiana 200 g",
    "brand": "Heinz",
    "category": "despensa",
    "price": 910,
    "price_original": null,
    "currency": "CLP",
    "size": null,
    "unit_price": 4550,
    "image_url": "https://jumbocl.vteximg.com.br/arquivos/ids/404386-250-250/Salsa-de-Tomate-Heinz-Italiana-200-g.jpg?v=638776918696770000",
    "productUrl": "https://www.jumbo.cl/pasta-sauce-italiana-heinz-200g-2021825/p",
    "in_stock": true,
    "promo_text": null,
    "sku": "147028",
    "rating": null,
    "description": null
  },
  {
    "id": "1578",
    "name": "Quinoa Banquete 400 g",
    "brand": "Banquete",
    "category": "despensa",
    "price": 3690,
    "price_original": 4320,
    "currency": "CLP",
    "size": null,
    "unit_price": 9225,
    "image_url": "https://jumbocl.vteximg.com.br/arquivos/ids/298700-250-250/Quinoa-400-g.jpg?v=638775755633070000",
    "productUrl": "https://www.jumbo.cl/quinoa-banquete-natura-no-requiere-lavado-cierra-facil-400g/p",
    "in_stock": true,
    "promo_text": null,
    "sku": "1578",
    "rating": null,
    "description": null
  },
  {
    "id": "78529",
    "name": "Pasta Fusilli Carozzi 400 g",
    "brand": "Carozzi",
    "category": "despensa",
    "price": 950,
    "price_original": 1130,
    "currency": "CLP",
    "size": null,
    "unit_price": 2238,
    "image_url": "https://jumbocl.vteximg.com.br/arquivos/ids/363993-250-250/Espirales-integrales-400-g.jpg?v=638776751522570000",
    "productUrl": "https://www.jumbo.cl/espirales-integrales-400-g/p",
    "in_stock": true,
    "promo_text": "Lleva 2 por $1.790",
    "sku": "78529",
    "rating": null,
    "description": null
  },
  {
    "id": "3610",
    "name": "Choclo Wasil 190 g drenado",
    "brand": "Wasil",
    "category": "despensa",
    "price": 1570,
    "price_original": null,
    "currency": "CLP",
    "size": null,
    "unit_price": 8263,
    "image_url": "https://jumbocl.vteximg.com.br/arquivos/ids/300054-250-250/Choclo-Wasil-190-g-drenado.jpg?v=638776371671300000",
    "productUrl": "https://www.jumbo.cl/choclo-wasil-caja-340-g-listo-para-consumir-2/p",
    "in_stock": true,
    "promo_text": null,
    "sku": "3610",
    "rating": null,
    "description": null
  },
  {
    "id": "1898",
    "name": "Granola Quaker Avena, Miel y Almendras 320 g",
    "brand": "Quaker",
    "category": "despensa",
    "price": 2590,
    "price_original": null,
    "currency": "CLP",
    "size": null,
    "unit_price": 8094,
    "image_url": "https://jumbocl.vteximg.com.br/arquivos/ids/456090-250-250/Granola-Quaker-Avena-Miel-y-Almendras-320-g.jpg?v=638857187104730000",
    "productUrl": "https://www.jumbo.cl/granola-quaker-380-g-miel-y-almendras-2/p",
    "in_stock": true,
    "promo_text": null,
    "sku": "1898",
    "rating": 4.6,
    "description": null
  },
  {
    "id": "102845",
    "name": "Sucedáneo de Limón 500 ml",
    "brand": "Cuisine & Co",
    "category": "despensa",
    "price": 1090,
    "price_original": null,
    "currency": "CLP",
    "size": null,
    "unit_price": null,
    "image_url": "https://jumbocl.vteximg.com.br/arquivos/ids/373329-250-250/SUC-LIM-500ML-C-CO.jpg?v=638776795267500000",
    "productUrl": "https://www.jumbo.cl/sucedaneo-de-limon-500-ml-cuisine-and-co-1878038/p",
    "in_stock": true,
    "promo_text": null,
    "sku": "102845",
    "rating": 5,
    "description": null
  },
  {
    "id": "114448",
    "name": "Chocolate Repostero Pacari Orgánico 200 g",
    "brand": "Pacari",
    "category": "despensa",
    "price": 3672,
    "price_original": 4590,
    "currency": "CLP",
    "size": null,
    "unit_price": null,
    "image_url": "https://jumbocl.vteximg.com.br/arquivos/ids/316215-250-250/Chocolate-Repostero-Pacari-Organico-200-g.jpg?v=638776407633670000",
    "productUrl": "https://www.jumbo.cl/chocolate-repostero-organico-pacari-200g-1928032/p",
    "in_stock": true,
    "promo_text": "20% dcto.",
    "sku": "114448",
    "rating": 5,
    "description": null
  },
  {
    "id": "2654",
    "name": "Lentejas Banquete 4 mm 1 kg",
    "brand": "Banquete",
    "category": "despensa",
    "price": 3290,
    "price_original": 3870,
    "currency": "CLP",
    "size": null,
    "unit_price": 3290,
    "image_url": "https://jumbocl.vteximg.com.br/arquivos/ids/346400-250-250/Lentejas-bolsa-4-mm-1-kg.jpg?v=638776458553600000",
    "productUrl": "https://www.jumbo.cl/lentejas-banquete-bolsa-1-kg-4mm/p",
    "in_stock": true,
    "promo_text": null,
    "sku": "2654",
    "rating": null,
    "description": null
  },
  {
    "id": "3352",
    "name": "Salsa de Tomate Basilico Barilla con Albahaca 400 g",
    "brand": "Barilla",
    "category": "despensa",
    "price": 4450,
    "price_original": null,
    "currency": "CLP",
    "size": null,
    "unit_price": 11125,
    "image_url": "https://jumbocl.vteximg.com.br/arquivos/ids/346658-250-250/Salsa-de-tomate-basilico-con-albahaca-400-g.jpg?v=638776462039000000",
    "productUrl": "https://www.jumbo.cl/salsa-de-tomate-basilico-barilla-frasco-400-g-con-albahaca-origen-italiano/p",
    "in_stock": true,
    "promo_text": null,
    "sku": "3352",
    "rating": null,
    "description": null
  },
  {
    "id": "1885",
    "name": "Avena Instantánea Quaker 700 g",
    "brand": "Quaker",
    "category": "despensa",
    "price": 2690,
    "price_original": null,
    "currency": "CLP",
    "size": null,
    "unit_price": 3843,
    "image_url": "https://jumbocl.vteximg.com.br/arquivos/ids/462704-250-250/Avena-Instantanea-Quaker-700-g.jpg?v=638869009570270000",
    "productUrl": "https://www.jumbo.cl/avena-instantanea-quaker-900-g-2/p",
    "in_stock": true,
    "promo_text": null,
    "sku": "1885",
    "rating": 5,
    "description": null
  },
  {
    "id": "1927",
    "name": "Porotos con Riendas Bavaria Lata 400 g",
    "brand": "Bavaria",
    "category": "despensa",
    "price": 3790,
    "price_original": null,
    "currency": "CLP",
    "size": null,
    "unit_price": 9475,
    "image_url": "https://jumbocl.vteximg.com.br/arquivos/ids/409300-250-250/Porotos-Con-Riendas-Bavaria-Lata-400-g.jpg?v=638787727077530000",
    "productUrl": "https://www.jumbo.cl/porotos-bavaria-lata-400-g-con-riendas/p",
    "in_stock": true,
    "promo_text": null,
    "sku": "1927",
    "rating": 5,
    "description": null
  },
  {
    "id": "84972",
    "name": "Compota Manzana 90 g",
    "brand": "Cuisine & Co",
    "category": "despensa",
    "price": 490,
    "price_original": null,
    "currency": "CLP",
    "size": null,
    "unit_price": null,
    "image_url": "https://jumbocl.vteximg.com.br/arquivos/ids/365688-250-250/Compota-manzana-90-g.jpg?v=638776760123600000",
    "productUrl": "https://www.jumbo.cl/compota-manzana-90-g-cuisine-and-co-1821386/p",
    "in_stock": true,
    "promo_text": null,
    "sku": "84972",
    "rating": 4.8,
    "description": null
  },
  {
    "id": "148777",
    "name": "Kétchup American Dream Cuisine & Co Americano 1.07 kg",
    "brand": "Cuisine & Co",
    "category": "despensa",
    "price": 4290,
    "price_original": 5690,
    "currency": "CLP",
    "size": null,
    "unit_price": 4009,
    "image_url": "https://jumbocl.vteximg.com.br/arquivos/ids/453395-250-250/Ketchup-Cuisine---Co-Americano-107-kg.jpg?v=638854204958430000",
    "productUrl": "https://www.jumbo.cl/ketchu-c-and-co-1-07kg-2017443/p",
    "in_stock": true,
    "promo_text": null,
    "sku": "148777",
    "rating": null,
    "description": null
  },
  {
    "id": "16400",
    "name": "Salsa de Tomate Pomarola Italiana 800 g",
    "brand": "Pomarola",
    "category": "despensa",
    "price": 3050,
    "price_original": null,
    "currency": "CLP",
    "size": null,
    "unit_price": 3813,
    "image_url": "https://jumbocl.vteximg.com.br/arquivos/ids/352362-250-250/Salsa-de-tomate-Pomarola-de-Carozzi-800-g-Italiana.jpg?v=638776692624800000",
    "productUrl": "https://www.jumbo.cl/salsa-de-tomate-pomarola-de-carozzi-800-g-italiana/p",
    "in_stock": true,
    "promo_text": null,
    "sku": "16400",
    "rating": null,
    "description": null
  },
  {
    "id": "103846",
    "name": "Porotos Rojos Cuisine & Co 230 g drenado, 390 g neto",
    "brand": "Cuisine & Co",
    "category": "despensa",
    "price": 1290,
    "price_original": null,
    "currency": "CLP",
    "size": null,
    "unit_price": 2551,
    "image_url": "https://jumbocl.vteximg.com.br/arquivos/ids/374068-250-250/Porotos-rojos-390-g.jpg?v=638776798207600000",
    "productUrl": "https://www.jumbo.cl/porotos-rojos-390-g-cuisine-and-co-1862249/p",
    "in_stock": true,
    "promo_text": "Lleva 2 por $1.990",
    "sku": "103846",
    "rating": null,
    "description": null
  },
  {
    "id": "1787",
    "name": "Caldo Sabor Carne Maggi 12 Tabletas 120 g",
    "brand": "Maggi",
    "category": "despensa",
    "price": 1630,
    "price_original": null,
    "currency": "CLP",
    "size": null,
    "unit_price": null,
    "image_url": "https://jumbocl.vteximg.com.br/arquivos/ids/298973-250-250/Caldo-Sabor-Carne-Maggi-12-Tabletas-120-g.jpg?v=638775758959070000",
    "productUrl": "https://www.jumbo.cl/caldo-de-carne-maggi-caja-12-unid/p",
    "in_stock": true,
    "promo_text": null,
    "sku": "1787",
    "rating": null,
    "description": null
  },
  {
    "id": "115680",
    "name": "Sopa Costilla Fideos 60 g",
    "brand": "Cuisine & Co",
    "category": "despensa",
    "price": 560,
    "price_original": null,
    "currency": "CLP",
    "size": null,
    "unit_price": null,
    "image_url": "https://jumbocl.vteximg.com.br/arquivos/ids/381568-250-250/SCOST-FID-CCO-60G.jpg?v=638776827519000000",
    "productUrl": "https://www.jumbo.cl/sopa-costilla-fideos-cuisine-and-co-60gr-1926334/p",
    "in_stock": true,
    "promo_text": "Lleva 3 por $1.290",
    "sku": "115680",
    "rating": null,
    "description": null
  },
  {
    "id": "101410",
    "name": "Tomate Cherry Pomodorini La Molisana 240 g",
    "brand": "La Molisana",
    "category": "despensa",
    "price": 1490,
    "price_original": null,
    "currency": "CLP",
    "size": null,
    "unit_price": 6208,
    "image_url": "https://jumbocl.vteximg.com.br/arquivos/ids/313658-250-250/Tomate-cherry-pomodorini-240-g.jpg?v=638776400172230000",
    "productUrl": "https://www.jumbo.cl/tomate-cherry-pomodorini-la-molisana-240-1873813/p",
    "in_stock": true,
    "promo_text": null,
    "sku": "101410",
    "rating": 5,
    "description": null
  },
  {
    "id": "71851",
    "name": "Barra de Cereal Wild Soul Bar Maqui Chía 35 g 5 un.",
    "brand": "Soul Bar",
    "category": "despensa",
    "price": 3190,
    "price_original": 3750,
    "currency": "CLP",
    "size": null,
    "unit_price": 25520,
    "image_url": "https://jumbocl.vteximg.com.br/arquivos/ids/437423-250-250/Barra-Cereal-Wild-Soul-Bar-Maqui-Chia-35-g-5-un.jpg?v=638831038784300000",
    "productUrl": "https://www.jumbo.cl/barra-cereal-soul-bar-maqui-chia-5unx25g/p",
    "in_stock": true,
    "promo_text": "Paga $2.950",
    "sku": "71851",
    "rating": 4.6,
    "description": null
  },
  {
    "id": "139995",
    "name": "Castañas en Almibar Wasil 570 g",
    "brand": "Wasil",
    "category": "despensa",
    "price": 4440,
    "price_original": 5270,
    "currency": "CLP",
    "size": null,
    "unit_price": 7789,
    "image_url": "https://jumbocl.vteximg.com.br/arquivos/ids/499938-250-250/Casta%C3%B1as-en-Almibar-Wasil-570-g.jpg?v=638917602245630000",
    "productUrl": "https://www.jumbo.cl/castanas-en-almibar-wasil-570-gr-2002826/p",
    "in_stock": true,
    "promo_text": null,
    "sku": "139995",
    "rating": 5,
    "description": null
  },
  {
    "id": "26196",
    "name": "Salsa Passage To India Butter Chicken 375 g",
    "brand": "Passage Foods",
    "category": "despensa",
    "price": 2373,
    "price_original": 3390,
    "currency": "CLP",
    "size": null,
    "unit_price": 6328,
    "image_url": "https://jumbocl.vteximg.com.br/arquivos/ids/306563-250-250/Salsa-Passage-to-India-butter-chicken-375-g.jpg?v=638776382565930000",
    "productUrl": "https://www.jumbo.cl/salsa-passage-to-india-butter-chicken-375-g/p",
    "in_stock": true,
    "promo_text": "30% dcto.",
    "sku": "26196",
    "rating": null,
    "description": null
  },
  {
    "id": "146776",
    "name": "Primavera de Quinoa Plato Listo Ya! 220 g",
    "brand": "Iansa Agro",
    "category": "despensa",
    "price": 2990,
    "price_original": 3490,
    "currency": "CLP",
    "size": null,
    "unit_price": 13591,
    "image_url": "https://jumbocl.vteximg.com.br/arquivos/ids/479012-250-250/Primavera-de-Quinoa-Plato-Listo-Ya--220-g.jpg?v=638877533409570000",
    "productUrl": "https://www.jumbo.cl/plato-listo-primavera-de-quinoa-220g-2024566/p",
    "in_stock": true,
    "promo_text": null,
    "sku": "146776",
    "rating": null,
    "description": null
  },
  {
    "id": "118847",
    "name": "Barra de Cereal Wild Soul Bar Maní 35 g 5 un.",
    "brand": "Soul Bar",
    "category": "despensa",
    "price": 3190,
    "price_original": 3750,
    "currency": "CLP",
    "size": null,
    "unit_price": null,
    "image_url": "https://jumbocl.vteximg.com.br/arquivos/ids/429172-250-250/Barra-Cereal-Wild-Soul-Bar-Mani-35-g-5-un.jpg?v=638812786902400000",
    "productUrl": "https://www.jumbo.cl/barra-cereal-soul-bar-mani-5un-1939077/p",
    "in_stock": true,
    "promo_text": "Paga $2.950",
    "sku": "118847",
    "rating": 5,
    "description": null
  },
  {
    "id": "16402",
    "name": "Salsa de Tomate Pomarola Pizza 200 g",
    "brand": "Pomarola",
    "category": "despensa",
    "price": 930,
    "price_original": null,
    "currency": "CLP",
    "size": null,
    "unit_price": 4650,
    "image_url": "https://jumbocl.vteximg.com.br/arquivos/ids/352364-250-250/Salsa-de-Tomate-para-Pizzas-oregano-albahaca-y-pimienta-doypack-200-g.jpg?v=638776692627230000",
    "productUrl": "https://www.jumbo.cl/salsa-de-tomate-para-pizzas-carozzi-doypack-200-g-condimentada-con-tomate-oregano-albahaca-y-pimienta/p",
    "in_stock": true,
    "promo_text": null,
    "sku": "16402",
    "rating": 5,
    "description": null
  },
  {
    "id": "2209",
    "name": "Sopa Maggi Pollo Fideos 70 g",
    "brand": "Maggi",
    "category": "despensa",
    "price": 660,
    "price_original": null,
    "currency": "CLP",
    "size": null,
    "unit_price": null,
    "image_url": "https://jumbocl.vteximg.com.br/arquivos/ids/299296-250-250/Sopa-Maggi-Pollo-Fideos-70-g.jpg?v=638775763003800000",
    "productUrl": "https://www.jumbo.cl/sopa-de-pollo-maggi-sobre-70-g-con-fideos/p",
    "in_stock": true,
    "promo_text": null,
    "sku": "2209",
    "rating": null,
    "description": null
  },
  {
    "id": "2200",
    "name": "Crema Maggi Espárragos 68 g",
    "brand": "Maggi",
    "category": "despensa",
    "price": 720,
    "price_original": null,
    "currency": "CLP",
    "size": null,
    "unit_price": null,
    "image_url": "https://jumbocl.vteximg.com.br/arquivos/ids/299278-250-250/Crema-Maggi-Esparragos-68-g.jpg?v=638775762802730000",
    "productUrl": "https://www.jumbo.cl/crema-de-esparragos-maggi-sobre-68-g-2/p",
    "in_stock": true,
    "promo_text": null,
    "sku": "2200",
    "rating": 4,
    "description": null
  },
  {
    "id": "2204",
    "name": "Sopa Maggi Caracolitos 76 g",
    "brand": "Maggi",
    "category": "despensa",
    "price": 660,
    "price_original": null,
    "currency": "CLP",
    "size": null,
    "unit_price": null,
    "image_url": "https://jumbocl.vteximg.com.br/arquivos/ids/299284-250-250/Sopa-Maggi-Caracolitos-76-g.jpg?v=638775762873930000",
    "productUrl": "https://www.jumbo.cl/sopa-de-caracolitos-maggi-sobre-76-g/p",
    "in_stock": true,
    "promo_text": null,
    "sku": "2204",
    "rating": null,
    "description": null
  },
  {
    "id": "144449",
    "name": "Cápsula Café Dolce Gusto Americano 10 un.",
    "brand": "Nescafé Dolce Gusto",
    "category": "despensa",
    "price": 5990,
    "price_original": null,
    "currency": "CLP",
    "size": null,
    "unit_price": null,
    "image_url": "https://jumbocl.vteximg.com.br/arquivos/ids/483832-250-250/Capsula-Dolce-Gusto-Americano-10-un.jpg?v=638888080300200000",
    "productUrl": "https://www.jumbo.cl/capsula-dolce-gusto-americano-10un-2017590/p",
    "in_stock": true,
    "promo_text": "Lleva 2 por $9.490",
    "sku": "144449",
    "rating": 5,
    "description": null
  },
  {
    "id": "98860",
    "name": "Cereal Milo 700 g",
    "brand": "Milo",
    "category": "despensa",
    "price": 6290,
    "price_original": null,
    "currency": "CLP",
    "size": null,
    "unit_price": 8986,
    "image_url": "https://jumbocl.vteximg.com.br/arquivos/ids/313334-250-250/Cereal-Milo-700-g.jpg?v=638776399442570000",
    "productUrl": "https://www.jumbo.cl/cereal-milo-700-gr-1860646/p",
    "in_stock": true,
    "promo_text": null,
    "sku": "98860",
    "rating": 5,
    "description": null
  },
  {
    "id": "1489",
    "name": "Aceite de Oliva Talliani Tradizione 1 L",
    "brand": "Talliani",
    "category": "despensa",
    "price": 18490,
    "price_original": null,
    "currency": "CLP",
    "size": null,
    "unit_price": null,
    "image_url": "https://jumbocl.vteximg.com.br/arquivos/ids/298633-250-250/Aceite-de-Oliva-extra-virgen-1-L.jpg?v=638775754728300000",
    "productUrl": "https://www.jumbo.cl/aceite-de-oliva-talliani-botella-1-l/p",
    "in_stock": true,
    "promo_text": "Paga $12.943",
    "sku": "1489",
    "rating": 4.5,
    "description": null
  },
  {
    "id": "132201",
    "name": "Mostaza Hellmann's Regular Doypack 470 g",
    "brand": "Hellmann's",
    "category": "despensa",
    "price": 1990,
    "price_original": null,
    "currency": "CLP",
    "size": null,
    "unit_price": 4234,
    "image_url": "https://jumbocl.vteximg.com.br/arquivos/ids/321258-250-250/Mostaza-Hellmann-s-Regular-Doypack-470-g.jpg?v=638776422890130000",
    "productUrl": "https://www.jumbo.cl/hellmanns-mostaza-dp-470gr-1980568/p",
    "in_stock": true,
    "promo_text": null,
    "sku": "132201",
    "rating": 5,
    "description": null
  },
  {
    "id": "103691",
    "name": "Café Orgánico Marley Coffee Liofilizado Positive Vibration 100 g",
    "brand": "Marley Coffee",
    "category": "despensa",
    "price": 9990,
    "price_original": 11790,
    "currency": "CLP",
    "size": null,
    "unit_price": 99900,
    "image_url": "https://jumbocl.vteximg.com.br/arquivos/ids/314269-250-250/Cafe-Organico-Marley-Coffee-Liofilizado-Positive-Vibration-100-g.jpg?v=638776401556700000",
    "productUrl": "https://www.jumbo.cl/cafe-marley-positive-vibration-100gr-1885897/p",
    "in_stock": true,
    "promo_text": null,
    "sku": "103691",
    "rating": 4.8,
    "description": null
  },
  {
    "id": "106316",
    "name": "Aji Chileno Doypack 500 g",
    "brand": "Cuisine & Co",
    "category": "despensa",
    "price": 1550,
    "price_original": null,
    "currency": "CLP",
    "size": null,
    "unit_price": 3100,
    "image_url": "https://jumbocl.vteximg.com.br/arquivos/ids/375525-250-250/Aji-chileno-doypack-500-g.jpg?v=638776804033930000",
    "productUrl": "https://www.jumbo.cl/aji-chileno-cuisine-and-co-doypack-500g-1862208/p",
    "in_stock": true,
    "promo_text": null,
    "sku": "106316",
    "rating": null,
    "description": null
  },
  {
    "id": "1956",
    "name": "Tomaticán Wasil 380 g",
    "brand": "Wasil",
    "category": "despensa",
    "price": 2190,
    "price_original": 2820,
    "currency": "CLP",
    "size": null,
    "unit_price": 5763,
    "image_url": "https://jumbocl.vteximg.com.br/arquivos/ids/499661-250-250/Tomatican-Wasil-380-g.jpg?v=638917601355970000",
    "productUrl": "https://www.jumbo.cl/tomatican-wasil-380-g-comida-lista-2/p",
    "in_stock": true,
    "promo_text": null,
    "sku": "1956",
    "rating": 5,
    "description": null
  },
  {
    "id": "115724",
    "name": "Crema Pollo Cuisine & Co 72 g",
    "brand": "Cuisine & Co",
    "category": "despensa",
    "price": 560,
    "price_original": null,
    "currency": "CLP",
    "size": null,
    "unit_price": null,
    "image_url": "https://jumbocl.vteximg.com.br/arquivos/ids/381626-250-250/CR-POLLO-C-CO-72G.jpg?v=638776827740800000",
    "productUrl": "https://www.jumbo.cl/crema-pollo-cuisine-and-co-72gr-1926331/p",
    "in_stock": true,
    "promo_text": "Lleva 2 por $990",
    "sku": "115724",
    "rating": null,
    "description": null
  },
  {
    "id": "2656",
    "name": "Lentejas Banquete 6 mm 1 kg",
    "brand": "Banquete",
    "category": "despensa",
    "price": 3690,
    "price_original": 4390,
    "currency": "CLP",
    "size": null,
    "unit_price": 3690,
    "image_url": "https://jumbocl.vteximg.com.br/arquivos/ids/346402-250-250/Lentejas-bolsa-6-mm-1-kg.jpg?v=638776458583070000",
    "productUrl": "https://www.jumbo.cl/lentejas-banquete-bolsa-1-kg-6mm/p",
    "in_stock": true,
    "promo_text": null,
    "sku": "2656",
    "rating": 5,
    "description": null
  },
  {
    "id": "101413",
    "name": "Tomates Picados La Molisana 250 g",
    "brand": "La Molisana",
    "category": "despensa",
    "price": 1490,
    "price_original": null,
    "currency": "CLP",
    "size": null,
    "unit_price": 5960,
    "image_url": "https://jumbocl.vteximg.com.br/arquivos/ids/313697-250-250/Tomates-picados-250-g.jpg?v=638776400262300000",
    "productUrl": "https://www.jumbo.cl/tomates-picados-la-molisana-250g-1873812/p",
    "in_stock": true,
    "promo_text": null,
    "sku": "101413",
    "rating": null,
    "description": null
  },
  {
    "id": "15714",
    "name": "Crema de Avellana Nutella Alemana 750 g",
    "brand": "Nutella",
    "category": "despensa",
    "price": 12490,
    "price_original": null,
    "currency": "CLP",
    "size": null,
    "unit_price": 16653,
    "image_url": "https://jumbocl.vteximg.com.br/arquivos/ids/303630-250-250/Crema-de-avellana-alemana-750-g.jpg?v=638776377787330000",
    "productUrl": "https://www.jumbo.cl/crema-de-avellana-nutella-750-g-alemana/p",
    "in_stock": true,
    "promo_text": null,
    "sku": "15714",
    "rating": 5,
    "description": null
  },
  {
    "id": "35077",
    "name": "Cereal Trix 300 g",
    "brand": "Trix",
    "category": "despensa",
    "price": 2022,
    "price_original": 3370,
    "currency": "CLP",
    "size": null,
    "unit_price": 6740,
    "image_url": "https://jumbocl.vteximg.com.br/arquivos/ids/307204-250-250/Cereal-Trix-300-g.jpg?v=638776384028800000",
    "productUrl": "https://www.jumbo.cl/cereal-trix-330-g/p",
    "in_stock": true,
    "promo_text": "40% dcto.",
    "sku": "35077",
    "rating": 4.4,
    "description": null
  },
  {
    "id": "111846",
    "name": "Caldo en Polvo Maggi Verduras 35 g 5 Sobres de 7 g",
    "brand": "Maggi",
    "category": "despensa",
    "price": 730,
    "price_original": null,
    "currency": "CLP",
    "size": null,
    "unit_price": null,
    "image_url": "https://jumbocl.vteximg.com.br/arquivos/ids/378822-250-250/Caldo-en-polvo-Maggi-Verduras-35g--5x7g-.jpg?v=638776816942000000",
    "productUrl": "https://www.jumbo.cl/pack-caldo-polvo-maggi-verduras-5un-1925060/p",
    "in_stock": true,
    "promo_text": null,
    "sku": "111846",
    "rating": 5,
    "description": null
  },
  {
    "id": "3376",
    "name": "Salsa de Tomate Maggi Tuco con Pollo 245 g",
    "brand": "Maggi",
    "category": "despensa",
    "price": 1750,
    "price_original": null,
    "currency": "CLP",
    "size": null,
    "unit_price": 7143,
    "image_url": "https://jumbocl.vteximg.com.br/arquivos/ids/411474-250-250/Salsa-de-Tomate-Maggi-Tuco-con-Pollo-245-g.jpg?v=638791317642170000",
    "productUrl": "https://www.jumbo.cl/salsa-de-tomate-maggi-245-g-tuco-con-pollo-lata-abre-facil/p",
    "in_stock": true,
    "promo_text": null,
    "sku": "3376",
    "rating": null,
    "description": null
  },
  {
    "id": "33617",
    "name": "Gnocchi de Papa La Molisana Sin Gluten 500 g",
    "brand": "La Molisana",
    "category": "despensa",
    "price": 3690,
    "price_original": null,
    "currency": "CLP",
    "size": null,
    "unit_price": 7380,
    "image_url": "https://jumbocl.vteximg.com.br/arquivos/ids/307098-250-250/Gnocchi-de-papa-sin-gluten-500-g.jpg?v=638776383836230000",
    "productUrl": "https://www.jumbo.cl/gnocchi-de-papa-la-molisana-500-g/p",
    "in_stock": true,
    "promo_text": null,
    "sku": "33617",
    "rating": 5,
    "description": null
  },
  {
    "id": "158520",
    "name": "Café Helado Nescafé Mocha 240 cc",
    "brand": "Nescafé",
    "category": "despensa",
    "price": 1790,
    "price_original": 1990,
    "currency": "CLP",
    "size": null,
    "unit_price": null,
    "image_url": "https://jumbocl.vteximg.com.br/arquivos/ids/522895-250-250/Cafe-Helado-Nescafe-Mocha-240-cc.jpg?v=638959818232970000",
    "productUrl": "https://www.jumbo.cl/bebida-cafe-helado-nescafe-mocha-240cc-2050923/p",
    "in_stock": true,
    "promo_text": "Paga $1.590",
    "sku": "158520",
    "rating": null,
    "description": null
  },
  {
    "id": "102459",
    "name": "Gelatina Stevia Durazno 22 g",
    "brand": "Cuisine & Co",
    "category": "despensa",
    "price": 780,
    "price_original": null,
    "currency": "CLP",
    "size": null,
    "unit_price": 35455,
    "image_url": "https://jumbocl.vteximg.com.br/arquivos/ids/373098-250-250/Gelatina-stevia-durazno-22-g.jpg?v=638776794090130000",
    "productUrl": "https://www.jumbo.cl/gelatina-stevia-durazno-22-g-cuisine-and-co-1873799/p",
    "in_stock": true,
    "promo_text": null,
    "sku": "102459",
    "rating": null,
    "description": null
  },
  {
    "id": "149069",
    "name": "Cereal Chocapic Mix Vainilla 310 g",
    "brand": "Chocapic",
    "category": "despensa",
    "price": 2034,
    "price_original": 3390,
    "currency": "CLP",
    "size": null,
    "unit_price": 6561,
    "image_url": "https://jumbocl.vteximg.com.br/arquivos/ids/434497-250-250/Cereal-Chocapic-Mix-Vainilla-310-g.jpg?v=638823547808100000",
    "productUrl": "https://www.jumbo.cl/chocap-mix-vai-310-2029592/p",
    "in_stock": true,
    "promo_text": "40% dcto.",
    "sku": "149069",
    "rating": null,
    "description": null
  },
  {
    "id": "115838",
    "name": "Habas Wasil 190 g drenado",
    "brand": "Wasil",
    "category": "despensa",
    "price": 2390,
    "price_original": null,
    "currency": "CLP",
    "size": null,
    "unit_price": 12579,
    "image_url": "https://jumbocl.vteximg.com.br/arquivos/ids/499820-250-250/Habas-Wasil-190-g-drenado.jpg?v=638917601924800000",
    "productUrl": "https://www.jumbo.cl/habas-wasil-190-gr-dr-1932487/p",
    "in_stock": true,
    "promo_text": null,
    "sku": "115838",
    "rating": 3.4,
    "description": null
  },
  {
    "id": "1435",
    "name": "Aceite de Maíz Chef 1 L",
    "brand": "Chef",
    "category": "despensa",
    "price": 5490,
    "price_original": null,
    "currency": "CLP",
    "size": null,
    "unit_price": null,
    "image_url": "https://jumbocl.vteximg.com.br/arquivos/ids/298601-250-250/Aceite-de-maiz-1-L.jpg?v=638775754361170000",
    "productUrl": "https://www.jumbo.cl/aceite-de-maiz-chef-botella-1-l-0-colesterol-2/p",
    "in_stock": true,
    "promo_text": null,
    "sku": "1435",
    "rating": null,
    "description": null
  },
  {
    "id": "92701",
    "name": "Mermelada Cuisine & Co Durazno 250 g",
    "brand": "Cuisine & Co",
    "category": "despensa",
    "price": 950,
    "price_original": 1090,
    "currency": "CLP",
    "size": null,
    "unit_price": 3800,
    "image_url": "https://jumbocl.vteximg.com.br/arquivos/ids/367783-250-250/Mermelada-durazno-250-g.jpg?v=638776769455600000",
    "productUrl": "https://www.jumbo.cl/mermelada-durazno-250-g-cuisine-and-co-1844836/p",
    "in_stock": true,
    "promo_text": null,
    "sku": "92701",
    "rating": null,
    "description": null
  },
  {
    "id": "3611",
    "name": "Ensalada de Verduras Wasil 190 g drenado",
    "brand": "Wasil",
    "category": "despensa",
    "price": 1250,
    "price_original": null,
    "currency": "CLP",
    "size": null,
    "unit_price": 6579,
    "image_url": "https://jumbocl.vteximg.com.br/arquivos/ids/500351-250-250/Ensalada-de-Verduras-Wasil-190-g-drenado.jpg?v=638917603468070000",
    "productUrl": "https://www.jumbo.cl/ensalada-de-verduras-wasil-caja-380-g-2/p",
    "in_stock": true,
    "promo_text": null,
    "sku": "3611",
    "rating": null,
    "description": null
  },
  {
    "id": "148773",
    "name": "Salsa de Tomate American Dream Cuisine & Co con Albahaca y Ajo 680 g",
    "brand": "Cuisine & Co",
    "category": "despensa",
    "price": 4290,
    "price_original": null,
    "currency": "CLP",
    "size": null,
    "unit_price": 6309,
    "image_url": "https://jumbocl.vteximg.com.br/arquivos/ids/453426-250-250/Salsa-de-Tomate-Cuisine---Co-con-Albahaca-y-Ajo-680-g.jpg?v=638854205326170000",
    "productUrl": "https://www.jumbo.cl/s-tomate-bas-and-garli-2019811/p",
    "in_stock": true,
    "promo_text": null,
    "sku": "148773",
    "rating": null,
    "description": null
  },
  {
    "id": "17145",
    "name": "Crema de Coco Exotic Food Libre de Colesterol 400 ml",
    "brand": "Exotic Food",
    "category": "despensa",
    "price": 2190,
    "price_original": null,
    "currency": "CLP",
    "size": null,
    "unit_price": null,
    "image_url": "https://jumbocl.vteximg.com.br/arquivos/ids/304001-250-250/Crema-de-coco-Exotic-Food-400-cc-libre-de-colesterol.jpg?v=638776378573330000",
    "productUrl": "https://www.jumbo.cl/crema-de-coco-exotic-food-400-cc-libre-de-colesterol/p",
    "in_stock": true,
    "promo_text": null,
    "sku": "17145",
    "rating": 5,
    "description": null
  },
  {
    "id": "113121",
    "name": "Harina Cuisine & Co con Polvos de Hornear 1 kg",
    "brand": "Cuisine & Co",
    "category": "despensa",
    "price": 1390,
    "price_original": null,
    "currency": "CLP",
    "size": null,
    "unit_price": 1390,
    "image_url": "https://jumbocl.vteximg.com.br/arquivos/ids/380124-250-250/Harina-con-polvos-de-hornear-1-kg.jpg?v=638776821931200000",
    "productUrl": "https://www.jumbo.cl/har-cpol-1k-c-y-co/p",
    "in_stock": true,
    "promo_text": null,
    "sku": "113121",
    "rating": 5,
    "description": null
  },
  {
    "id": "102846",
    "name": "Sucedáneo Limón de Pica 500 ml",
    "brand": "Cuisine & Co",
    "category": "despensa",
    "price": 1590,
    "price_original": null,
    "currency": "CLP",
    "size": null,
    "unit_price": null,
    "image_url": "https://jumbocl.vteximg.com.br/arquivos/ids/373341-250-250/1878039-01_597238.jpg?v=638776795347630000",
    "productUrl": "https://www.jumbo.cl/sucedaneo-limon-de-pica-500-ml-cuisine-and-co-1878039/p",
    "in_stock": true,
    "promo_text": null,
    "sku": "102846",
    "rating": 5,
    "description": null
  },
  {
    "id": "148771",
    "name": "Salsa de Tomate American Dream Cuisine & Co con Champiñones 680 g",
    "brand": "Cuisine & Co",
    "category": "despensa",
    "price": 4290,
    "price_original": null,
    "currency": "CLP",
    "size": null,
    "unit_price": 6309,
    "image_url": "https://jumbocl.vteximg.com.br/arquivos/ids/453427-250-250/Salsa-de-Tomate-Cuisine---Co-con-Champi%C3%B1ones-680-g.jpg?v=638854205331630000",
    "productUrl": "https://www.jumbo.cl/s-tomate-mushroom-2019812/p",
    "in_stock": true,
    "promo_text": null,
    "sku": "148771",
    "rating": null,
    "description": null
  },
  {
    "id": "146168",
    "name": "Salsa de Tomate American Dream Cuisine & Co con Carne 680 g",
    "brand": "Cuisine & Co",
    "category": "despensa",
    "price": 4290,
    "price_original": null,
    "currency": "CLP",
    "size": null,
    "unit_price": 6309,
    "image_url": "https://jumbocl.vteximg.com.br/arquivos/ids/453424-250-250/Salsa-de-Tomate-Cuisine---Co-con-Carne-680-g.jpg?v=638854205315300000",
    "productUrl": "https://www.jumbo.cl/meat-tomato-sauce-cuisine-and-co-680-g-2018785/p",
    "in_stock": true,
    "promo_text": null,
    "sku": "146168",
    "rating": null,
    "description": null
  },
  {
    "id": "135237",
    "name": "Cereal Chocapic Original Minis 330 g",
    "brand": "Chocapic",
    "category": "despensa",
    "price": 2310,
    "price_original": 3850,
    "currency": "CLP",
    "size": null,
    "unit_price": 7000,
    "image_url": "https://jumbocl.vteximg.com.br/arquivos/ids/323597-250-250/CEREAL-CHOCAPIC-MINI-330GR.jpg?v=638776427006070000",
    "productUrl": "https://www.jumbo.cl/cereal-chocapic-mini-330gr-1991131/p",
    "in_stock": true,
    "promo_text": "40% dcto.",
    "sku": "135237",
    "rating": null,
    "description": null
  },
  {
    "id": "102415",
    "name": "Avena Tradicional Cuisine & Co 450 g",
    "brand": "Cuisine & Co",
    "category": "despensa",
    "price": 1790,
    "price_original": null,
    "currency": "CLP",
    "size": null,
    "unit_price": 3333,
    "image_url": "https://jumbocl.vteximg.com.br/arquivos/ids/313782-250-250/Avena-tradicional-450-g.jpg?v=638776400475100000",
    "productUrl": "https://www.jumbo.cl/avena-tradicional-450-g-cuisine-and-co-1869912/p",
    "in_stock": true,
    "promo_text": "Lleva 2 por $3.000",
    "sku": "102415",
    "rating": 5,
    "description": null
  },
  {
    "id": "111760",
    "name": "Caldo en Polvo Maggi Gallina 35 g 5 Sobres de 7 g",
    "brand": "Maggi",
    "category": "despensa",
    "price": 730,
    "price_original": null,
    "currency": "CLP",
    "size": null,
    "unit_price": null,
    "image_url": "https://jumbocl.vteximg.com.br/arquivos/ids/378708-250-250/PACK-CALDO-POLVO-MAGGI-GALLINA-5UN.jpg?v=638776816566330000",
    "productUrl": "https://www.jumbo.cl/pack-caldo-polvo-maggi-gallina-5un-1925062/p",
    "in_stock": true,
    "promo_text": null,
    "sku": "111760",
    "rating": null,
    "description": null
  },
  {
    "id": "1899",
    "name": "Granola Quaker Miel, Almendras y Pasas 320 g",
    "brand": "Quaker",
    "category": "despensa",
    "price": 2590,
    "price_original": null,
    "currency": "CLP",
    "size": null,
    "unit_price": 8094,
    "image_url": "https://jumbocl.vteximg.com.br/arquivos/ids/456132-250-250/Granola-Quaker-Miel-Almendras-y-Pasas-320-g.jpg?v=638857187230400000",
    "productUrl": "https://www.jumbo.cl/granola-quaker-380-g-miel-almendra-y-pasas-2/p",
    "in_stock": true,
    "promo_text": null,
    "sku": "1899",
    "rating": 5,
    "description": null
  },
  {
    "id": "87680",
    "name": "Crema Coco 160 ml",
    "brand": "Exotic Food",
    "category": "despensa",
    "price": 1190,
    "price_original": null,
    "currency": "CLP",
    "size": null,
    "unit_price": null,
    "image_url": "https://jumbocl.vteximg.com.br/arquivos/ids/311823-250-250/Crema-coco-160-ml.jpg?v=638776394730370000",
    "productUrl": "https://www.jumbo.cl/crema-coco-exotic-160-ml/p",
    "in_stock": true,
    "promo_text": null,
    "sku": "87680",
    "rating": 4.3,
    "description": null
  },
  {
    "id": "138052",
    "name": "Café Cápsulas Starbucks Smooth Caramel 51 g",
    "brand": "Starbucks by Nespresso",
    "category": "despensa",
    "price": 6490,
    "price_original": null,
    "currency": "CLP",
    "size": null,
    "unit_price": 127255,
    "image_url": "https://jumbocl.vteximg.com.br/arquivos/ids/328854-250-250/CAPS-STARBUCKS-SMOOTH-CARAMEL-51G.jpg?v=638776431328570000",
    "productUrl": "https://www.jumbo.cl/caps-starbucks-smooth-caramel-51g-1996829/p",
    "in_stock": true,
    "promo_text": null,
    "sku": "138052",
    "rating": 5,
    "description": null
  },
  {
    "id": "51508",
    "name": "Farfalle La Molisana Integral 500 g",
    "brand": "La Molisana",
    "category": "despensa",
    "price": 2190,
    "price_original": null,
    "currency": "CLP",
    "size": null,
    "unit_price": 4380,
    "image_url": "https://jumbocl.vteximg.com.br/arquivos/ids/308473-250-250/Farfalle-La-Molisana-Integral-500-g.jpg?v=638776387008700000",
    "productUrl": "https://www.jumbo.cl/farfalle-la-molisana-integral-500-g/p",
    "in_stock": true,
    "promo_text": null,
    "sku": "51508",
    "rating": null,
    "description": null
  },
  {
    "id": "55973",
    "name": "Fideos Instantáneos Exotic Food 300 g",
    "brand": "Exotic Food",
    "category": "despensa",
    "price": 2590,
    "price_original": null,
    "currency": "CLP",
    "size": null,
    "unit_price": 8633,
    "image_url": "https://jumbocl.vteximg.com.br/arquivos/ids/309001-250-250/Fideos-instantaneos-Exotic-Food-300-g.jpg?v=638776387931470000",
    "productUrl": "https://www.jumbo.cl/fideos-instant-neos-exotic-food-300-g/p",
    "in_stock": true,
    "promo_text": null,
    "sku": "55973",
    "rating": 5,
    "description": null
  },
  {
    "id": "26195",
    "name": "Salsa Passage To India Roganjosh Curry 375 g",
    "brand": "Passage Foods",
    "category": "despensa",
    "price": 2373,
    "price_original": 3390,
    "currency": "CLP",
    "size": null,
    "unit_price": 6328,
    "image_url": "https://jumbocl.vteximg.com.br/arquivos/ids/306543-250-250/Salsa-Passage-to-India-roganjosh-curry-375-g.jpg?v=638776382540470000",
    "productUrl": "https://www.jumbo.cl/salsa-passage-to-india-roganjosh-curry-375-g/p",
    "in_stock": true,
    "promo_text": "30% dcto.",
    "sku": "26195",
    "rating": 5,
    "description": null
  },
  {
    "id": "33620",
    "name": "Penne La Molisana Sin Gluten 400 g",
    "brand": "La Molisana",
    "category": "despensa",
    "price": 3990,
    "price_original": null,
    "currency": "CLP",
    "size": null,
    "unit_price": 9975,
    "image_url": "https://jumbocl.vteximg.com.br/arquivos/ids/307153-250-250/Penne-sin-gluten-400-g.jpg?v=638776383922730000",
    "productUrl": "https://www.jumbo.cl/penne-la-molisana-400-g/p",
    "in_stock": true,
    "promo_text": null,
    "sku": "33620",
    "rating": 5,
    "description": null
  },
  {
    "id": "1789",
    "name": "Caldo Sabor Costilla Maggi 12 Tabletas 120 g",
    "brand": "Maggi",
    "category": "despensa",
    "price": 1630,
    "price_original": null,
    "currency": "CLP",
    "size": null,
    "unit_price": null,
    "image_url": "https://jumbocl.vteximg.com.br/arquivos/ids/298985-250-250/Caldo-Sabor-Costilla-Maggi-12-Tabletas-120-g.jpg?v=638775759101230000",
    "productUrl": "https://www.jumbo.cl/caldo-de-costilla-maggi-caja-12-unid/p",
    "in_stock": true,
    "promo_text": null,
    "sku": "1789",
    "rating": null,
    "description": null
  },
  {
    "id": "55834",
    "name": "Granola En Línea Almendra 320 g",
    "brand": "En Línea",
    "category": "despensa",
    "price": 2390,
    "price_original": 2990,
    "currency": "CLP",
    "size": null,
    "unit_price": 7469,
    "image_url": "https://jumbocl.vteximg.com.br/arquivos/ids/359788-250-250/1749551.jpg?v=638776729767930000",
    "productUrl": "https://www.jumbo.cl/granola-en-linea-almendra-320-g/p",
    "in_stock": true,
    "promo_text": null,
    "sku": "55834",
    "rating": 5,
    "description": null
  },
  {
    "id": "56865",
    "name": "Crema Sin Lactosa Loncoleche 200 ml",
    "brand": "Loncoleche",
    "category": "despensa",
    "price": 1480,
    "price_original": null,
    "currency": "CLP",
    "size": null,
    "unit_price": null,
    "image_url": "https://jumbocl.vteximg.com.br/arquivos/ids/360096-250-250/Crema-sin-lactosa-200-ml.jpg?v=638854317522730000",
    "productUrl": "https://www.jumbo.cl/crema-s-lact-lonco-leche-200cc/p",
    "in_stock": true,
    "promo_text": null,
    "sku": "56865",
    "rating": 5,
    "description": null
  },
  {
    "id": "112932",
    "name": "Aceite Vegetal Cuisine & Co 900 ml",
    "brand": "Cuisine & Co",
    "category": "despensa",
    "price": 1650,
    "price_original": 1850,
    "currency": "CLP",
    "size": null,
    "unit_price": null,
    "image_url": "https://jumbocl.vteximg.com.br/arquivos/ids/379897-250-250/Aceite-vegetal-900-ml.jpg?v=638776820960930000",
    "productUrl": "https://www.jumbo.cl/aceite-vegetal-cuisine-and-co-900-ml-1927104/p",
    "in_stock": true,
    "promo_text": null,
    "sku": "112932",
    "rating": 4.8,
    "description": null
  },
  {
    "id": "147945",
    "name": "Proteína Marley Coffee Cappuccino",
    "brand": "Marley Coffee",
    "category": "despensa",
    "price": 6790,
    "price_original": 7990,
    "currency": "CLP",
    "size": null,
    "unit_price": null,
    "image_url": "https://jumbocl.vteximg.com.br/arquivos/ids/414435-250-250/Proteina-Marley-Cappuccino.jpg?v=638799208032800000",
    "productUrl": "https://www.jumbo.cl/pro-cappucc-marley-2033094/p",
    "in_stock": true,
    "promo_text": null,
    "sku": "147945",
    "rating": null,
    "description": null
  },
  {
    "id": "44407",
    "name": "Porotos Rojos Wasil Listo para Servir 230 g drenado",
    "brand": "Wasil",
    "category": "despensa",
    "price": 1570,
    "price_original": null,
    "currency": "CLP",
    "size": null,
    "unit_price": 4132,
    "image_url": "https://jumbocl.vteximg.com.br/arquivos/ids/499695-250-250/Porotos-Rojos-Wasil-Listo-para-Servir-230-g-drenado.jpg?v=638917601494600000",
    "productUrl": "https://www.jumbo.cl/porotos-rojos-wasil-listo-para-servir-380-g/p",
    "in_stock": true,
    "promo_text": null,
    "sku": "44407",
    "rating": 5,
    "description": null
  },
  {
    "id": "1815",
    "name": "Barra de Cereal Cerealbar Chips Chocolate 8 un. 21 g, 168 g neto",
    "brand": "Costa",
    "category": "despensa",
    "price": 1690,
    "price_original": 1990,
    "currency": "CLP",
    "size": null,
    "unit_price": 10060,
    "image_url": "https://jumbocl.vteximg.com.br/arquivos/ids/299051-250-250/Cereal-chips-en-Barra-168-g.jpg?v=638775759851000000",
    "productUrl": "https://www.jumbo.cl/cereal-en-barra-costa-168-g-chips/p",
    "in_stock": true,
    "promo_text": null,
    "sku": "1815",
    "rating": 4.5,
    "description": null
  },
  {
    "id": "3385",
    "name": "Pulpa de Tomate Mutti Di Pomodoro 400 g",
    "brand": "Mutti",
    "category": "despensa",
    "price": 2290,
    "price_original": null,
    "currency": "CLP",
    "size": null,
    "unit_price": 5725,
    "image_url": "https://jumbocl.vteximg.com.br/arquivos/ids/299745-250-250/Pulpa-de-Tomate-Mutti-Di-Pomodoro-400-g.jpg?v=638776371007630000",
    "productUrl": "https://www.jumbo.cl/pulpa-de-tomate-mutti-di-pomodoro-400-g/p",
    "in_stock": true,
    "promo_text": null,
    "sku": "3385",
    "rating": 5,
    "description": null
  },
  {
    "id": "55835",
    "name": "Granola En Línea Cranberries 320 g",
    "brand": "En Línea",
    "category": "despensa",
    "price": 2390,
    "price_original": 2990,
    "currency": "CLP",
    "size": null,
    "unit_price": 7469,
    "image_url": "https://jumbocl.vteximg.com.br/arquivos/ids/359786-250-250/1749552.jpg?v=638776729765130000",
    "productUrl": "https://www.jumbo.cl/granola-en-linea-cranberries-320-g/p",
    "in_stock": true,
    "promo_text": null,
    "sku": "55835",
    "rating": 5,
    "description": null
  },
  {
    "id": "103007",
    "name": "Cereal Chocapic Sin Azúcar 350 g",
    "brand": "Chocapic",
    "category": "despensa",
    "price": 2250,
    "price_original": 3750,
    "currency": "CLP",
    "size": null,
    "unit_price": 6429,
    "image_url": "https://jumbocl.vteximg.com.br/arquivos/ids/314016-250-250/Cereal-Chocapic-Sin-Azucar-350-g.jpg?v=638776401140230000",
    "productUrl": "https://www.jumbo.cl/cereal-chocapic-350-gr-1884035/p",
    "in_stock": true,
    "promo_text": "40% dcto.",
    "sku": "103007",
    "rating": 5,
    "description": null
  },
  {
    "id": "124474",
    "name": "Café Cápsulas Starbucks Single-Origin Colombia 57 g 10 un.",
    "brand": "Starbucks by Nespresso",
    "category": "despensa",
    "price": 6490,
    "price_original": null,
    "currency": "CLP",
    "size": null,
    "unit_price": 113860,
    "image_url": "https://jumbocl.vteximg.com.br/arquivos/ids/318624-250-250/Cafe-Starbucks-Single-Origin-Colombia-57-g.jpg?v=638776415157200000",
    "productUrl": "https://www.jumbo.cl/caps-starbucks-nespresso-colombia-57g-1957069/p",
    "in_stock": true,
    "promo_text": null,
    "sku": "124474",
    "rating": 3.3,
    "description": null
  },
  {
    "id": "92700",
    "name": "Mermelada Cuisine & Co Damasco 250 g",
    "brand": "Cuisine & Co",
    "category": "despensa",
    "price": 950,
    "price_original": 1090,
    "currency": "CLP",
    "size": null,
    "unit_price": 3800,
    "image_url": "https://jumbocl.vteximg.com.br/arquivos/ids/367782-250-250/Mermelada-damasco-250-g.jpg?v=638776769454700000",
    "productUrl": "https://www.jumbo.cl/mermelada-damasco-250-g-cuisine-and-co-1844835/p",
    "in_stock": true,
    "promo_text": null,
    "sku": "92700",
    "rating": 4.8,
    "description": null
  },
  {
    "id": "1440",
    "name": "Aceite de Pepita de Uva Chef 500 ml",
    "brand": "Chef",
    "category": "despensa",
    "price": 5290,
    "price_original": null,
    "currency": "CLP",
    "size": null,
    "unit_price": null,
    "image_url": "https://jumbocl.vteximg.com.br/arquivos/ids/298604-250-250/Aceite-Pepita-de-Uva-500-ml.jpg?v=638775754391030000",
    "productUrl": "https://www.jumbo.cl/aceite-pepita-de-uva-chef-botella-500-ml-0-colesterol-2/p",
    "in_stock": true,
    "promo_text": null,
    "sku": "1440",
    "rating": 5,
    "description": null
  },
  {
    "id": "138696",
    "name": "Fusilli Vivo Sin Gluten 400 g",
    "brand": "Vivo",
    "category": "despensa",
    "price": 3690,
    "price_original": null,
    "currency": "CLP",
    "size": null,
    "unit_price": 9225,
    "image_url": "https://jumbocl.vteximg.com.br/arquivos/ids/330369-250-250/Fusilli-Vivo-Sin-Gluten-400-g.jpg?v=638776432389800000",
    "productUrl": "https://www.jumbo.cl/fusilli-vivo-s-gluten-400-gr-1999394/p",
    "in_stock": true,
    "promo_text": null,
    "sku": "138696",
    "rating": null,
    "description": null
  },
  {
    "id": "3401",
    "name": "Salsa de Tomates Talliani con Trozos 200 g",
    "brand": "Talliani",
    "category": "despensa",
    "price": 1010,
    "price_original": null,
    "currency": "CLP",
    "size": null,
    "unit_price": 5050,
    "image_url": "https://jumbocl.vteximg.com.br/arquivos/ids/346679-250-250/Salsa-de-tomates-con-trozos-200-g.jpg?v=638776462241500000",
    "productUrl": "https://www.jumbo.cl/salsa-de-tomate-talliani-doypack-200-g-italiana-con-trozos-de-tomate/p",
    "in_stock": true,
    "promo_text": null,
    "sku": "3401",
    "rating": 5,
    "description": null
  },
  {
    "id": "4248",
    "name": "Polvos de Hornear Imperial 200 g",
    "brand": "Imperial",
    "category": "despensa",
    "price": 2750,
    "price_original": null,
    "currency": "CLP",
    "size": null,
    "unit_price": 13750,
    "image_url": "https://jumbocl.vteximg.com.br/arquivos/ids/347177-250-250/Polvos-de-hornear-200-g.jpg?v=638776468066900000",
    "productUrl": "https://www.jumbo.cl/polvos-de-hornear-imperial-200-g/p",
    "in_stock": true,
    "promo_text": null,
    "sku": "4248",
    "rating": null,
    "description": null
  },
  {
    "id": "60024",
    "name": "Chips de Chocolate Pacari Orgánico 60% Cacao 200 g",
    "brand": "Pacari",
    "category": "despensa",
    "price": 10232,
    "price_original": 12790,
    "currency": "CLP",
    "size": null,
    "unit_price": null,
    "image_url": "https://jumbocl.vteximg.com.br/arquivos/ids/422958-250-250/Chips-de-Chocolate-Pacari-Organico-60--Cacao-200-g.jpg?v=638809587680500000",
    "productUrl": "https://www.jumbo.cl/cobertura-choco-organico-pacari-60-200g/p",
    "in_stock": true,
    "promo_text": "20% dcto.",
    "sku": "60024",
    "rating": 4.5,
    "description": null
  },
  {
    "id": "122314",
    "name": "Café Liofilizado Marley Coffee Wake Up & Live 100 g",
    "brand": "Marley Coffee",
    "category": "despensa",
    "price": 8850,
    "price_original": null,
    "currency": "CLP",
    "size": null,
    "unit_price": 88500,
    "image_url": "https://jumbocl.vteximg.com.br/arquivos/ids/317987-250-250/Cafe-Liofilizado-Wake-Up---Live-100-g.jpg?v=638776413498630000",
    "productUrl": "https://www.jumbo.cl/cafe-marley-wake-up-and-live-100gr-1949734/p",
    "in_stock": true,
    "promo_text": null,
    "sku": "122314",
    "rating": 4.7,
    "description": null
  },
  {
    "id": "4303",
    "name": "Mermelada En Línea Frambuesa Sin Azúcar 200 g",
    "brand": "En Línea",
    "category": "despensa",
    "price": 1290,
    "price_original": null,
    "currency": "CLP",
    "size": null,
    "unit_price": 6450,
    "image_url": "https://jumbocl.vteximg.com.br/arquivos/ids/347215-250-250/Mermelada-En-Linea-200-g-Sabor-Frambuesa.jpg?v=638776468547170000",
    "productUrl": "https://www.jumbo.cl/mermelada-en-linea-bolsa-200-g-sabor-frambuesa-2/p",
    "in_stock": true,
    "promo_text": null,
    "sku": "4303",
    "rating": 4.8,
    "description": null
  },
  {
    "id": "1884",
    "name": "Cereal Pillows Chocolate 350 g",
    "brand": "Pillows",
    "category": "despensa",
    "price": 3990,
    "price_original": null,
    "currency": "CLP",
    "size": null,
    "unit_price": 9975,
    "image_url": "https://jumbocl.vteximg.com.br/arquivos/ids/299098-250-250/Cereal-Pillows-chocolate-350-g.jpg?v=638775760436700000",
    "productUrl": "https://www.jumbo.cl/cereal-pillows-caja-480-g-cola-cao-2/p",
    "in_stock": true,
    "promo_text": null,
    "sku": "1884",
    "rating": 5,
    "description": null
  },
  {
    "id": "33619",
    "name": "Spaghetti La Molisana Sin Gluten 400 g",
    "brand": "La Molisana",
    "category": "despensa",
    "price": 3690,
    "price_original": null,
    "currency": "CLP",
    "size": null,
    "unit_price": 9225,
    "image_url": "https://jumbocl.vteximg.com.br/arquivos/ids/307130-250-250/Spaghetti-sin-gluten-400-g.jpg?v=638776383891530000",
    "productUrl": "https://www.jumbo.cl/spaghetti-la-molisana-400-g/p",
    "in_stock": true,
    "promo_text": null,
    "sku": "33619",
    "rating": 5,
    "description": null
  },
  {
    "id": "1710",
    "name": "Café Juan Valdez Liofilizado Instantáneo 190 g",
    "brand": "Juan Valdez",
    "category": "despensa",
    "price": 29990,
    "price_original": null,
    "currency": "CLP",
    "size": null,
    "unit_price": 157842,
    "image_url": "https://jumbocl.vteximg.com.br/arquivos/ids/298847-250-250/Cafe-Juan-Valdez-Liofilizado-Instantaneo-190-g.jpg?v=638775757492470000",
    "productUrl": "https://www.jumbo.cl/cafe-liofilizado-juan-valdez-instantaneo-190-g/p",
    "in_stock": true,
    "promo_text": null,
    "sku": "1710",
    "rating": 4.9,
    "description": null
  },
  {
    "id": "16419",
    "name": "Arroz Pregraneado Miraflores 1 kg",
    "brand": "Miraflores",
    "category": "despensa",
    "price": 2190,
    "price_original": 2590,
    "currency": "CLP",
    "size": null,
    "unit_price": 2190,
    "image_url": "https://jumbocl.vteximg.com.br/arquivos/ids/352367-250-250/Arroz-Miraflores-1-kg-pregraneado-grado-1-grano-largo.jpg?v=638776692642600000",
    "productUrl": "https://www.jumbo.cl/arroz-miraflores-1-kg-pregraneado-grado-1-grano-largo/p",
    "in_stock": true,
    "promo_text": null,
    "sku": "16419",
    "rating": null,
    "description": null
  },
  {
    "id": "9083",
    "name": "Pan Ciabatta Granel",
    "brand": "Jumbo Artesanal",
    "category": "panaderia-y-pasteleria",
    "price": 1745,
    "price_original": null,
    "currency": "CLP",
    "size": null,
    "unit_price": 3490,
    "image_url": "https://jumbocl.vteximg.com.br/arquivos/ids/349671-250-250/Principal-1304.jpg?v=638776678002300000",
    "productUrl": "https://www.jumbo.cl/pan-ciabatta-rustico-jumbo-granel/p",
    "in_stock": true,
    "promo_text": null,
    "sku": "9083",
    "rating": 4.8,
    "description": null
  },
  {
    "id": "96332",
    "name": "Pan Marraqueta Grande Granel",
    "brand": "Panadería Propia",
    "category": "panaderia-y-pasteleria",
    "price": 1145,
    "price_original": null,
    "currency": "CLP",
    "size": null,
    "unit_price": 2290,
    "image_url": "https://jumbocl.vteximg.com.br/arquivos/ids/369294-250-250/Marraquetas-grande-kg.jpg?v=638776776504930000",
    "productUrl": "https://www.jumbo.cl/marraqueta-grande-jumbo-v2-kg/p",
    "in_stock": true,
    "promo_text": null,
    "sku": "96332",
    "rating": 4.4,
    "description": null
  },
  {
    "id": "53629",
    "name": "Pan Hallulla Granel",
    "brand": "Panadería Propia",
    "category": "panaderia-y-pasteleria",
    "price": 1095,
    "price_original": null,
    "currency": "CLP",
    "size": null,
    "unit_price": 2190,
    "image_url": "https://jumbocl.vteximg.com.br/arquivos/ids/359131-250-250/1734109kg1-445894.jpg?v=638776726998330000",
    "productUrl": "https://www.jumbo.cl/hallulla-granel/p",
    "in_stock": true,
    "promo_text": null,
    "sku": "53629",
    "rating": 4,
    "description": null
  },
  {
    "id": "77394",
    "name": "Pan Molde Proteína Clean Label 780 g",
    "brand": "Jumbo Artesanal",
    "category": "panaderia-y-pasteleria",
    "price": 2990,
    "price_original": null,
    "currency": "CLP",
    "size": null,
    "unit_price": 3833,
    "image_url": "https://jumbocl.vteximg.com.br/arquivos/ids/310748-250-250/Pan-Molde-Proteina-Clean-Label-780-g.jpg?v=638776392169400000",
    "productUrl": "https://www.jumbo.cl/molde-proteina-clean-label-380-g/p",
    "in_stock": true,
    "promo_text": "Paga $2.093",
    "sku": "77394",
    "rating": 4.7,
    "description": null
  },
  {
    "id": "139982",
    "name": "Pan Molde Ideal Blanco XL 750 g",
    "brand": "Ideal",
    "category": "panaderia-y-pasteleria",
    "price": 2990,
    "price_original": null,
    "currency": "CLP",
    "size": null,
    "unit_price": 3987,
    "image_url": "https://jumbocl.vteximg.com.br/arquivos/ids/333143-250-250/Pan-Molde-Ideal-Blanco-XL-750-g.jpg?v=638776434632100000",
    "productUrl": "https://www.jumbo.cl/m-ideal-bco-xl-750/p",
    "in_stock": true,
    "promo_text": null,
    "sku": "139982",
    "rating": 4.8,
    "description": null
  },
  {
    "id": "100173",
    "name": "Pan Molde Low Carb Clean Label 700 g",
    "brand": "Jumbo Artesanal",
    "category": "panaderia-y-pasteleria",
    "price": 4990,
    "price_original": null,
    "currency": "CLP",
    "size": null,
    "unit_price": 7129,
    "image_url": "https://jumbocl.vteximg.com.br/arquivos/ids/313392-250-250/Pan-Molde-Low-Carb-Clean-Label-700-g.jpg?v=638776399557100000",
    "productUrl": "https://www.jumbo.cl/molde-low-carb-clean-label-700-g-1856603/p",
    "in_stock": true,
    "promo_text": "Paga $3.493",
    "sku": "100173",
    "rating": 4.8,
    "description": null
  },
  {
    "id": "76215",
    "name": "Pan Hallulla Delgada Granel",
    "brand": "Panadería Propia",
    "category": "panaderia-y-pasteleria",
    "price": 1095,
    "price_original": null,
    "currency": "CLP",
    "size": null,
    "unit_price": 2190,
    "image_url": "https://jumbocl.vteximg.com.br/arquivos/ids/363602-250-250/1796062-01.png?v=638776749095700000",
    "productUrl": "https://www.jumbo.cl/hallulla-delgada-granel/p",
    "in_stock": true,
    "promo_text": null,
    "sku": "76215",
    "rating": 3.9,
    "description": null
  },
  {
    "id": "53388",
    "name": "Pan Hot Dog Granel",
    "brand": "Panadería Propia",
    "category": "panaderia-y-pasteleria",
    "price": 1595,
    "price_original": null,
    "currency": "CLP",
    "size": null,
    "unit_price": 3190,
    "image_url": "https://jumbocl.vteximg.com.br/arquivos/ids/359095-250-250/1704589kg1-434560.jpg?v=638776726814570000",
    "productUrl": "https://www.jumbo.cl/pan-hot-dog-granel-2/p",
    "in_stock": true,
    "promo_text": null,
    "sku": "53388",
    "rating": 4.3,
    "description": null
  },
  {
    "id": "77574",
    "name": "Pan Pascua Cuisine & Co Frutos Secos 700 g",
    "brand": "Cuisine & Co",
    "category": "panaderia-y-pasteleria",
    "price": 4990,
    "price_original": null,
    "currency": "CLP",
    "size": null,
    "unit_price": 7129,
    "image_url": "https://jumbocl.vteximg.com.br/arquivos/ids/363943-250-250/Pan-de-Pascua-con-frutos-secos-700-g.jpg?v=638776751317900000",
    "productUrl": "https://www.jumbo.cl/pan-de-pascua-frutos-secos-700-g-cuisine-and-co-1812274/p",
    "in_stock": true,
    "promo_text": "Paga $3.990",
    "sku": "77574",
    "rating": 4.3,
    "description": null
  },
  {
    "id": "126062",
    "name": "Pan Molde Ideal Blanco Artesano Masa Madre 550 g",
    "brand": "Ideal",
    "category": "panaderia-y-pasteleria",
    "price": 2590,
    "price_original": 2990,
    "currency": "CLP",
    "size": null,
    "unit_price": 5180,
    "image_url": "https://jumbocl.vteximg.com.br/arquivos/ids/318882-250-250/Pan-Blanco-Artesano-Ideal-550-g.jpg?v=638776416053430000",
    "productUrl": "https://www.jumbo.cl/pan-blan-arte-550g/p",
    "in_stock": true,
    "promo_text": null,
    "sku": "126062",
    "rating": 4.9,
    "description": null
  },
  {
    "id": "127710",
    "name": "Torta San Jorge: Hojarasca, Crema, Lúcuma, Manjar 15 Porciones",
    "brand": "Cuisine & Co",
    "category": "panaderia-y-pasteleria",
    "price": 25990,
    "price_original": null,
    "currency": "CLP",
    "size": null,
    "unit_price": null,
    "image_url": "https://jumbocl.vteximg.com.br/arquivos/ids/319727-250-250/Torta-San-Jorge-Lucuma.jpg?v=638776418084870000",
    "productUrl": "https://www.jumbo.cl/torta-san-jorge-lucuma-v3-1946039/p",
    "in_stock": true,
    "promo_text": null,
    "sku": "127710",
    "rating": 4.8,
    "description": null
  },
  {
    "id": "9026",
    "name": "Pan Molde Castaño Miga Sándwich Sin Borde 440 g",
    "brand": "Castaño",
    "category": "panaderia-y-pasteleria",
    "price": 3290,
    "price_original": 3690,
    "currency": "CLP",
    "size": null,
    "unit_price": 7477,
    "image_url": "https://jumbocl.vteximg.com.br/arquivos/ids/300988-250-250/Pan-molde-miga-sandwich-sin-borde-440-g.jpg?v=638776374323500000",
    "productUrl": "https://www.jumbo.cl/pan-miga-sandwich-castano-bolsa-460-g-sin-bor/p",
    "in_stock": true,
    "promo_text": null,
    "sku": "9026",
    "rating": 4.9,
    "description": null
  },
  {
    "id": "9276",
    "name": "Torta Catalina: Bizcocho, Hoja, Crema, Frambuesas y Mermelada Frambuesas 15 Porciones",
    "brand": "Jumbo Artesanal",
    "category": "panaderia-y-pasteleria",
    "price": 24990,
    "price_original": null,
    "currency": "CLP",
    "size": null,
    "unit_price": null,
    "image_url": "https://jumbocl.vteximg.com.br/arquivos/ids/301293-250-250/Torta-Bizcocho-Manjar-Frambuesas-y-Mermelada-Frambuesa.jpg?v=638776374774730000",
    "productUrl": "https://www.jumbo.cl/torta-catalina-jumbo-para-15-personas-mermela-2/p",
    "in_stock": true,
    "promo_text": null,
    "sku": "9276",
    "rating": 4.5,
    "description": null
  },
  {
    "id": "9082",
    "name": "Pan Ciabatta Integral Granel",
    "brand": "Jumbo Artesanal",
    "category": "panaderia-y-pasteleria",
    "price": 1745,
    "price_original": null,
    "currency": "CLP",
    "size": null,
    "unit_price": 3490,
    "image_url": "https://jumbocl.vteximg.com.br/arquivos/ids/349669-250-250/Principal-1305.jpg?v=638776677994630000",
    "productUrl": "https://www.jumbo.cl/pan-ciabatta-jumbo-rustica-integral/p",
    "in_stock": true,
    "promo_text": null,
    "sku": "9082",
    "rating": 4.6,
    "description": null
  },
  {
    "id": "98027",
    "name": "Marraqueta Cuisine & Co Precocida 8 un.",
    "brand": "Cuisine & Co",
    "category": "panaderia-y-pasteleria",
    "price": 2590,
    "price_original": null,
    "currency": "CLP",
    "size": null,
    "unit_price": null,
    "image_url": "https://jumbocl.vteximg.com.br/arquivos/ids/370205-250-250/Marraqueta-precocida-atm-c-co-8-un.jpg?v=638776781073300000",
    "productUrl": "https://www.jumbo.cl/marraqueta-precocida-8-un-cuisine-and-co-1859272/p",
    "in_stock": true,
    "promo_text": null,
    "sku": "98027",
    "rating": 4.7,
    "description": null
  },
  {
    "id": "22887",
    "name": "Tortillas Pancho Villa XL 350 g 8 un.",
    "brand": "Pancho Villa",
    "category": "panaderia-y-pasteleria",
    "price": 2590,
    "price_original": null,
    "currency": "CLP",
    "size": null,
    "unit_price": 7400,
    "image_url": "https://jumbocl.vteximg.com.br/arquivos/ids/354097-250-250/Tortillas-XL-8-un-350-g.jpg?v=638776700738700000",
    "productUrl": "https://www.jumbo.cl/tortilla-para-burritos-y-wraps-pancho-villa-350-g/p",
    "in_stock": true,
    "promo_text": null,
    "sku": "22887",
    "rating": 4.7,
    "description": null
  },
  {
    "id": "80219",
    "name": "Pan Molde Sarraceno Clean Label 800 g",
    "brand": "Jumbo Artesanal",
    "category": "panaderia-y-pasteleria",
    "price": 3890,
    "price_original": null,
    "currency": "CLP",
    "size": null,
    "unit_price": 4863,
    "image_url": "https://jumbocl.vteximg.com.br/arquivos/ids/310869-250-250/Pan-Molde-Sarraceno-Clean-Label-800-g.jpg?v=638776392435400000",
    "productUrl": "https://www.jumbo.cl/molde-sarraceno-clean-label-800-gr/p",
    "in_stock": true,
    "promo_text": "Paga $2.723",
    "sku": "80219",
    "rating": 4.7,
    "description": null
  },
  {
    "id": "139797",
    "name": "Pan Molde Fuchs Multigrano 620 g",
    "brand": "Fuchs",
    "category": "panaderia-y-pasteleria",
    "price": 2990,
    "price_original": null,
    "currency": "CLP",
    "size": null,
    "unit_price": 4823,
    "image_url": "https://jumbocl.vteximg.com.br/arquivos/ids/332923-250-250/Pan-Molde-Fuchs-Multigrano-620-g.jpg?v=638776434433670000",
    "productUrl": "https://www.jumbo.cl/shampoo-dazz-crece-fuerte-370ml-2003311/p",
    "in_stock": true,
    "promo_text": null,
    "sku": "139797",
    "rating": 5,
    "description": null
  },
  {
    "id": "81772",
    "name": "Torta Hoja, Manjar y Mermelada de Frambuesa 15 Porciones",
    "brand": "Cuisine & Co",
    "category": "panaderia-y-pasteleria",
    "price": 19990,
    "price_original": null,
    "currency": "CLP",
    "size": null,
    "unit_price": null,
    "image_url": "https://jumbocl.vteximg.com.br/arquivos/ids/311188-250-250/Torta-Hoja-Manjar-y-Mermelada-de-Frambuesa.jpg?v=638776393115170000",
    "productUrl": "https://www.jumbo.cl/torta-beatriz-15p-v3/p",
    "in_stock": true,
    "promo_text": null,
    "sku": "81772",
    "rating": 4.3,
    "description": null
  },
  {
    "id": "85469",
    "name": "Pan Hallulla Integral Linaza Granel",
    "brand": "Cuisine & Co",
    "category": "panaderia-y-pasteleria",
    "price": 1495,
    "price_original": null,
    "currency": "CLP",
    "size": null,
    "unit_price": 2990,
    "image_url": "https://jumbocl.vteximg.com.br/arquivos/ids/365765-250-250/Hallulla-integral-linaza-granel-1-141379240.jpg?v=638776760443870000",
    "productUrl": "https://www.jumbo.cl/hallulla-integral-linaza-jumbo-v4-kg/p",
    "in_stock": true,
    "promo_text": null,
    "sku": "85469",
    "rating": 4.7,
    "description": null
  },
  {
    "id": "9298",
    "name": "Torta Luciana: Panqueque Vainilla, Crema Chocolate Moka y Praliné 15 Porciones",
    "brand": "Jumbo Artesanal",
    "category": "panaderia-y-pasteleria",
    "price": 29990,
    "price_original": null,
    "currency": "CLP",
    "size": null,
    "unit_price": null,
    "image_url": "https://jumbocl.vteximg.com.br/arquivos/ids/301138-250-250/Torta-Panqueque-Crema-Chocolate-Moka-y-Praline.jpg?v=638776374572900000",
    "productUrl": "https://www.jumbo.cl/torta-luciana-jumbo-15-per-2/p",
    "in_stock": true,
    "promo_text": null,
    "sku": "9298",
    "rating": 3.9,
    "description": null
  },
  {
    "id": "98089",
    "name": "Hallulla Cuisine & Co Precocida 8 un.",
    "brand": "Cuisine & Co",
    "category": "panaderia-y-pasteleria",
    "price": 2590,
    "price_original": null,
    "currency": "CLP",
    "size": null,
    "unit_price": 2159,
    "image_url": "https://jumbocl.vteximg.com.br/arquivos/ids/370250-250-250/Hallulla-precocida-atm-c-co-8-un.jpg?v=638776781384670000",
    "productUrl": "https://www.jumbo.cl/pan-congelado-y-precocido-hallulla-precocida-8-un-cuisine---co-1859271/p",
    "in_stock": true,
    "promo_text": "3 por 2 a $5.180",
    "sku": "98089",
    "rating": 4.8,
    "description": null
  },
  {
    "id": "127222",
    "name": "Tortilla Burrera 400 g 8 un.",
    "brand": "Cuisine & Co",
    "category": "panaderia-y-pasteleria",
    "price": 2390,
    "price_original": null,
    "currency": "CLP",
    "size": null,
    "unit_price": null,
    "image_url": "https://jumbocl.vteximg.com.br/arquivos/ids/319239-250-250/Tortilla-Burrera-8-un.jpg?v=638776417075730000",
    "productUrl": "https://www.jumbo.cl/tortilla-burrera-8-un-cuisine-and-co-1951501/p",
    "in_stock": true,
    "promo_text": "Paga $1.434",
    "sku": "127222",
    "rating": 4.3,
    "description": null
  },
  {
    "id": "53390",
    "name": "Pan Doblada Granel",
    "brand": "Panadería Propia",
    "category": "panaderia-y-pasteleria",
    "price": 1595,
    "price_original": null,
    "currency": "CLP",
    "size": null,
    "unit_price": 3190,
    "image_url": "https://jumbocl.vteximg.com.br/arquivos/ids/359103-250-250/Pan-doblada-granel.jpg?v=638776726872430000",
    "productUrl": "https://www.jumbo.cl/doblada-jumbo-granel-mes-n-2/p",
    "in_stock": true,
    "promo_text": null,
    "sku": "53390",
    "rating": 4.5,
    "description": null
  },
  {
    "id": "136823",
    "name": "Pan Molde Castaño Integral XL 770 g",
    "brand": "Castaño",
    "category": "panaderia-y-pasteleria",
    "price": 2490,
    "price_original": 2990,
    "currency": "CLP",
    "size": null,
    "unit_price": 3234,
    "image_url": "https://jumbocl.vteximg.com.br/arquivos/ids/445374-250-250/Pan-Molde-Casta%C3%B1o-Integral-XL-770-g.jpg?v=638838834121400000",
    "productUrl": "https://www.jumbo.cl/molde-castano-integral-xl-770g-1992834/p",
    "in_stock": true,
    "promo_text": null,
    "sku": "136823",
    "rating": 4.9,
    "description": null
  },
  {
    "id": "9293",
    "name": "Torta Florencia: Panqueque, Crema Chocolate y Naranja 15 Porciones",
    "brand": "Jumbo Artesanal",
    "category": "panaderia-y-pasteleria",
    "price": 29990,
    "price_original": null,
    "currency": "CLP",
    "size": null,
    "unit_price": null,
    "image_url": "https://jumbocl.vteximg.com.br/arquivos/ids/301079-250-250/Torta-Panqueque-Crema-de-Chocolate-y-Naranja.jpg?v=638776374506230000",
    "productUrl": "https://www.jumbo.cl/torta-florencia-jumbo-para-15-personas-2/p",
    "in_stock": true,
    "promo_text": null,
    "sku": "9293",
    "rating": 4.4,
    "description": null
  },
  {
    "id": "53389",
    "name": "Pan de Hamburguesa Granel",
    "brand": "Panadería Propia",
    "category": "panaderia-y-pasteleria",
    "price": 1645,
    "price_original": null,
    "currency": "CLP",
    "size": null,
    "unit_price": 3290,
    "image_url": "https://jumbocl.vteximg.com.br/arquivos/ids/359097-250-250/1704590kg1-434561.jpg?v=638776726817700000",
    "productUrl": "https://www.jumbo.cl/pan-hamburguesa-granel/p",
    "in_stock": true,
    "promo_text": null,
    "sku": "53389",
    "rating": 4.6,
    "description": null
  },
  {
    "id": "8973",
    "name": "Tarta de Frambuesa 8-10 Porciones",
    "brand": "Cuisine & Co",
    "category": "panaderia-y-pasteleria",
    "price": 14990,
    "price_original": null,
    "currency": "CLP",
    "size": null,
    "unit_price": null,
    "image_url": "https://jumbocl.vteximg.com.br/arquivos/ids/530430-250-250/Tarta-de-Frambuesa-8-10-Porciones.jpg?v=638972667885770000",
    "productUrl": "https://www.jumbo.cl/tarta-frambuesa-jumbo-1-unid-2/p",
    "in_stock": true,
    "promo_text": null,
    "sku": "8973",
    "rating": 4.8,
    "description": null
  },
  {
    "id": "77392",
    "name": "Pan Molde Wholegrain Clean Label 550 g",
    "brand": "Jumbo Artesanal",
    "category": "panaderia-y-pasteleria",
    "price": 1990,
    "price_original": null,
    "currency": "CLP",
    "size": null,
    "unit_price": 3618,
    "image_url": "https://jumbocl.vteximg.com.br/arquivos/ids/310707-250-250/Pan-Molde-Wholegrain-Clean-Label-550-g.jpg?v=638776392082000000",
    "productUrl": "https://www.jumbo.cl/molde-proteina-clean-label-380-g-2/p",
    "in_stock": true,
    "promo_text": "Paga $1.393",
    "sku": "77392",
    "rating": 4.5,
    "description": null
  },
  {
    "id": "69951",
    "name": "Torta Bizcocho con Amapolas, Manjar, Salsa Frambuesa y Frutos Secos 15 Porciones",
    "brand": "Jumbo Artesanal",
    "category": "panaderia-y-pasteleria",
    "price": 24990,
    "price_original": null,
    "currency": "CLP",
    "size": null,
    "unit_price": null,
    "image_url": "https://jumbocl.vteximg.com.br/arquivos/ids/309967-250-250/Torta-Bizcocho-Manjar-Salsa-Frambuesa-y-Frutos-Secos.jpg?v=638776390426630000",
    "productUrl": "https://www.jumbo.cl/torta-amapola-con-frutos-secos-artesanal/p",
    "in_stock": true,
    "promo_text": null,
    "sku": "69951",
    "rating": 4.6,
    "description": null
  },
  {
    "id": "9303",
    "name": "Torta Bizcocho Red Velvet, Queso Crema y Salsa Frambuesa 15 Porciones",
    "brand": "Jumbo Artesanal",
    "category": "panaderia-y-pasteleria",
    "price": 24990,
    "price_original": null,
    "currency": "CLP",
    "size": null,
    "unit_price": null,
    "image_url": "https://jumbocl.vteximg.com.br/arquivos/ids/301191-250-250/Torta-Bizcocho-Red-Velvet-Queso-Crema-y-Salsa-Frambuesa.jpg?v=638776374635830000",
    "productUrl": "https://www.jumbo.cl/torta-red-velvet-jumbo-elaboracion-propia/p",
    "in_stock": true,
    "promo_text": null,
    "sku": "9303",
    "rating": 3.5,
    "description": null
  },
  {
    "id": "127711",
    "name": "Torta San Jorge Guinda: Hojarasca, Crema, Manjar y Salsa de Guinda 15 Porciones",
    "brand": "Cuisine & Co",
    "category": "panaderia-y-pasteleria",
    "price": 25990,
    "price_original": null,
    "currency": "CLP",
    "size": null,
    "unit_price": null,
    "image_url": "https://jumbocl.vteximg.com.br/arquivos/ids/319419-250-250/Torta-San-Jorge-Guinda.jpg?v=638776417489900000",
    "productUrl": "https://www.jumbo.cl/torta-san-jorge-guinda-v3-1946040/p",
    "in_stock": true,
    "promo_text": null,
    "sku": "127711",
    "rating": 4.6,
    "description": null
  },
  {
    "id": "95813",
    "name": "Torta Celeste: Panqueque Chocolate, Crema Chocolate, Mermelada Frambuesa, Pasta de Almendras 10 Porciones",
    "brand": "Jumbo Artesanal",
    "category": "panaderia-y-pasteleria",
    "price": 22990,
    "price_original": null,
    "currency": "CLP",
    "size": null,
    "unit_price": null,
    "image_url": "https://jumbocl.vteximg.com.br/arquivos/ids/312696-250-250/Torta-Panqueque-Chocolate-Crema-Chocolate-Mermelada-Frambuesa.jpg?v=638776397330370000",
    "productUrl": "https://www.jumbo.cl/torta-celeste-mediana-jumbo-artesanal/p",
    "in_stock": true,
    "promo_text": null,
    "sku": "95813",
    "rating": 3.8,
    "description": null
  },
  {
    "id": "148757",
    "name": "Pan Amasado Granel",
    "brand": "Cuisine & Co",
    "category": "panaderia-y-pasteleria",
    "price": 2990,
    "price_original": null,
    "currency": "CLP",
    "size": null,
    "unit_price": 2990,
    "image_url": "https://jumbocl.vteximg.com.br/arquivos/ids/496813-250-250/Pan-amasado-granel.jpg?v=638912153247800000",
    "productUrl": "https://www.jumbo.cl/pan-amasado-granel-1704593-kg/p",
    "in_stock": true,
    "promo_text": null,
    "sku": "148757",
    "rating": null,
    "description": null
  },
  {
    "id": "88116",
    "name": "Torta Red Velvet, Boston Chocolate, Chocolate Manjar y Cookies And Cream 12 Porciones",
    "brand": "Del Monte",
    "category": "panaderia-y-pasteleria",
    "price": 17990,
    "price_original": null,
    "currency": "CLP",
    "size": null,
    "unit_price": null,
    "image_url": "https://jumbocl.vteximg.com.br/arquivos/ids/311904-250-250/Torta-Red-Velvet-Boston-Chocolate-Chocolate-Manjar-y-Cookies-And-Cream.jpg?v=638776394956930000",
    "productUrl": "https://www.jumbo.cl/torta-4-estaciones/p",
    "in_stock": true,
    "promo_text": null,
    "sku": "88116",
    "rating": 4,
    "description": null
  },
  {
    "id": "137147",
    "name": "Pan Hoja Granel",
    "brand": "Cuisine & Co",
    "category": "panaderia-y-pasteleria",
    "price": 2745,
    "price_original": null,
    "currency": "CLP",
    "size": null,
    "unit_price": 5490,
    "image_url": "https://jumbocl.vteximg.com.br/arquivos/ids/327506-250-250/1989490-KG-01_674709.jpg?v=638776430066430000",
    "productUrl": "https://www.jumbo.cl/pan-de-hoja-granel/p",
    "in_stock": true,
    "promo_text": null,
    "sku": "137147",
    "rating": 4.8,
    "description": null
  },
  {
    "id": "9274",
    "name": "Torta Carolina: Panqueque, Dulce Leche, Puré de Lúcuma y Nueces 15 Porciones",
    "brand": "Jumbo Artesanal",
    "category": "panaderia-y-pasteleria",
    "price": 29990,
    "price_original": null,
    "currency": "CLP",
    "size": null,
    "unit_price": null,
    "image_url": "https://jumbocl.vteximg.com.br/arquivos/ids/301271-250-250/Torta-Panqueque-Dulce-de-Leche-Lucuma-y-Nueces.jpg?v=638776374739200000",
    "productUrl": "https://www.jumbo.cl/torta-carolina-jumbo-para-15-personas-manjar-2/p",
    "in_stock": true,
    "promo_text": null,
    "sku": "9274",
    "rating": 4.2,
    "description": null
  },
  {
    "id": "68933",
    "name": "Torta Panqueque, Crema de Naranja y Coco 15 Porciones",
    "brand": "Cuisine & Co",
    "category": "panaderia-y-pasteleria",
    "price": 19990,
    "price_original": null,
    "currency": "CLP",
    "size": null,
    "unit_price": null,
    "image_url": "https://jumbocl.vteximg.com.br/arquivos/ids/309985-250-250/Torta-Panqueque-Crema-de-Naranja-y-Coco.jpg?v=638776390508700000",
    "productUrl": "https://www.jumbo.cl/torta-panqueque-naranja-jumbo-1-unid/p",
    "in_stock": true,
    "promo_text": null,
    "sku": "68933",
    "rating": 4.6,
    "description": null
  },
  {
    "id": "22886",
    "name": "Tortillas Pancho Villa Integrales XL 380 g 8 un.",
    "brand": "Pancho Villa",
    "category": "panaderia-y-pasteleria",
    "price": 2790,
    "price_original": null,
    "currency": "CLP",
    "size": null,
    "unit_price": 7342,
    "image_url": "https://jumbocl.vteximg.com.br/arquivos/ids/354094-250-250/Tortillas-integrales-burrito-XL-380-g.jpg?v=638776700733700000",
    "productUrl": "https://www.jumbo.cl/burro-integral-pancho-villa-xl-8-unid-380g/p",
    "in_stock": true,
    "promo_text": null,
    "sku": "22886",
    "rating": 4.6,
    "description": null
  },
  {
    "id": "120526",
    "name": "Pan Molde Ideal Cero Cero Integral 600 g",
    "brand": "Ideal",
    "category": "panaderia-y-pasteleria",
    "price": 2950,
    "price_original": null,
    "currency": "CLP",
    "size": null,
    "unit_price": 5086,
    "image_url": "https://jumbocl.vteximg.com.br/arquivos/ids/385629-250-250/PAN-MOLDE-IDEAL-CERO-CERO-INTEGRAL-600G.jpg?v=638776845163300000",
    "productUrl": "https://www.jumbo.cl/pan-molde-ideal-cero-cero-integral-600g-1940568/p",
    "in_stock": true,
    "promo_text": null,
    "sku": "120526",
    "rating": 5,
    "description": null
  },
  {
    "id": "77393",
    "name": "Pan Molde Fibra Clean Label 780 g",
    "brand": "Jumbo Artesanal",
    "category": "panaderia-y-pasteleria",
    "price": 2990,
    "price_original": null,
    "currency": "CLP",
    "size": null,
    "unit_price": 3833,
    "image_url": "https://jumbocl.vteximg.com.br/arquivos/ids/310727-250-250/Pan-Molde-Fibra-Clean-Label-780-g.jpg?v=638776392129370000",
    "productUrl": "https://www.jumbo.cl/molde-fibra-clean-label-380-g/p",
    "in_stock": true,
    "promo_text": "Paga $2.093",
    "sku": "77393",
    "rating": 4.7,
    "description": null
  },
  {
    "id": "9116",
    "name": "Pan Pita Castaño Integral 300 g 8 un.",
    "brand": "Castaño",
    "category": "panaderia-y-pasteleria",
    "price": 1590,
    "price_original": 1830,
    "currency": "CLP",
    "size": null,
    "unit_price": 5300,
    "image_url": "https://jumbocl.vteximg.com.br/arquivos/ids/489359-250-250/Pan-Pita-Casta%C3%B1o-Integral-300-g-8-un.jpg?v=638899507339330000",
    "productUrl": "https://www.jumbo.cl/pan-pita-integral-castano-8-unid-300-g/p",
    "in_stock": true,
    "promo_text": null,
    "sku": "9116",
    "rating": 5,
    "description": null
  },
  {
    "id": "123211",
    "name": "Pan Coliza Peruana Granel",
    "brand": "Cuisine & Co",
    "category": "panaderia-y-pasteleria",
    "price": 1845,
    "price_original": null,
    "currency": "CLP",
    "size": null,
    "unit_price": 3690,
    "image_url": "https://jumbocl.vteximg.com.br/arquivos/ids/388671-250-250/Pan-Coliza-Peruana-granel.jpg?v=638776856915330000",
    "productUrl": "https://www.jumbo.cl/coliza-peruana-kg-1937187-kg/p",
    "in_stock": true,
    "promo_text": null,
    "sku": "123211",
    "rating": 4.6,
    "description": null
  },
  {
    "id": "9100",
    "name": "Pan Toscano Granel",
    "brand": "Panadería Propia",
    "category": "panaderia-y-pasteleria",
    "price": 1645,
    "price_original": null,
    "currency": "CLP",
    "size": null,
    "unit_price": 3290,
    "image_url": "https://jumbocl.vteximg.com.br/arquivos/ids/349678-250-250/Principal-1290.jpg?v=638776678064430000",
    "productUrl": "https://www.jumbo.cl/pan-toscano-jumbo-granel-2/p",
    "in_stock": true,
    "promo_text": null,
    "sku": "9100",
    "rating": 4.6,
    "description": null
  },
  {
    "id": "139427",
    "name": "Pan Molde Integral 900 g",
    "brand": "Jumbo Artesanal",
    "category": "panaderia-y-pasteleria",
    "price": 2490,
    "price_original": 3490,
    "currency": "CLP",
    "size": null,
    "unit_price": 2767,
    "image_url": "https://jumbocl.vteximg.com.br/arquivos/ids/332020-250-250/Pan-de-Molde-Integral-Jumbo-Artesanal-900-g.jpg?v=638776433713970000",
    "productUrl": "https://www.jumbo.cl/molde-integral-jumbo-artesanal-900gr-2000952/p",
    "in_stock": true,
    "promo_text": null,
    "sku": "139427",
    "rating": 4.4,
    "description": null
  },
  {
    "id": "9306",
    "name": "Torta Hojarasca, Crema, Lúcuma, Manjar 24 Porciones",
    "brand": "Jumbo Artesanal",
    "category": "panaderia-y-pasteleria",
    "price": 32990,
    "price_original": null,
    "currency": "CLP",
    "size": null,
    "unit_price": null,
    "image_url": "https://jumbocl.vteximg.com.br/arquivos/ids/301264-250-250/Torta-San-Jorge-24-porciones.jpg?v=638776374731500000",
    "productUrl": "https://www.jumbo.cl/torta-san-jorge-jumbo-pure-de-lucuma-y-manjar-2/p",
    "in_stock": true,
    "promo_text": null,
    "sku": "9306",
    "rating": null,
    "description": null
  },
  {
    "id": "126779",
    "name": "Torta Discos de Merengue, Crema y Mermelada de Frambuesa 15 Porciones",
    "brand": "Cuisine & Co",
    "category": "panaderia-y-pasteleria",
    "price": 20990,
    "price_original": null,
    "currency": "CLP",
    "size": null,
    "unit_price": null,
    "image_url": "https://jumbocl.vteximg.com.br/arquivos/ids/432653-250-250/Torta-Discos-de-Merengue-Crema-y-Frambuesa-15-Porciones.jpg?v=638823175562870000",
    "productUrl": "https://www.jumbo.cl/torta-merengue-frambuesa-jumbo-v3-1949825/p",
    "in_stock": true,
    "promo_text": null,
    "sku": "126779",
    "rating": 5,
    "description": null
  },
  {
    "id": "74543",
    "name": "Torta Bizcocho, Cuatro Leches, Dulce Leche y Merengue 15 Porciones",
    "brand": "Cuisine & Co",
    "category": "panaderia-y-pasteleria",
    "price": 19990,
    "price_original": null,
    "currency": "CLP",
    "size": null,
    "unit_price": null,
    "image_url": "https://jumbocl.vteximg.com.br/arquivos/ids/310229-250-250/Torta-Bizcocho-Cuatro-Leches-Dulce-Leche-y-Merengue.jpg?v=638776391134830000",
    "productUrl": "https://www.jumbo.cl/torta-4-leches-jumbo-15-porciones/p",
    "in_stock": true,
    "promo_text": null,
    "sku": "74543",
    "rating": 4.3,
    "description": null
  },
  {
    "id": "127678",
    "name": "Pan Marraqueta Wholegrain Granel",
    "brand": "Panadería Propia",
    "category": "panaderia-y-pasteleria",
    "price": 1495,
    "price_original": null,
    "currency": "CLP",
    "size": null,
    "unit_price": 2990,
    "image_url": "https://jumbocl.vteximg.com.br/arquivos/ids/393484-250-250/MARRAQUETA-WHOLEGRAIN-KG.jpg?v=638776874738730000",
    "productUrl": "https://www.jumbo.cl/marraqueta-wholegrain-kg-1962049-kg/p",
    "in_stock": true,
    "promo_text": null,
    "sku": "127678",
    "rating": 4.8,
    "description": null
  },
  {
    "id": "88114",
    "name": "Pan Molde Ideal Integral Artesano 600 g",
    "brand": "Ideal",
    "category": "panaderia-y-pasteleria",
    "price": 2590,
    "price_original": 3090,
    "currency": "CLP",
    "size": null,
    "unit_price": 4317,
    "image_url": "https://jumbocl.vteximg.com.br/arquivos/ids/311892-250-250/Pan-molde-integral-artesano-600-g.jpg?v=638776394925630000",
    "productUrl": "https://www.jumbo.cl/pan-molde-integral-artesano-600-g/p",
    "in_stock": true,
    "promo_text": null,
    "sku": "88114",
    "rating": 4.3,
    "description": null
  },
  {
    "id": "105575",
    "name": "Pan Rústico Cuisine & Co Mini Masa Madre 900 g 12 un.",
    "brand": "Cuisine & Co",
    "category": "panaderia-y-pasteleria",
    "price": 3690,
    "price_original": null,
    "currency": "CLP",
    "size": null,
    "unit_price": null,
    "image_url": "https://jumbocl.vteximg.com.br/arquivos/ids/374970-250-250/Pan-Rustico-Mini-Con-Masa-Madre-12-un-900-g.jpg?v=638776801648470000",
    "productUrl": "https://www.jumbo.cl/pan-mini-rustico-12-un/p",
    "in_stock": true,
    "promo_text": "3 por 2 a $7.380",
    "sku": "105575",
    "rating": 4.9,
    "description": null
  },
  {
    "id": "113938",
    "name": "Bolsa Magdalena Buenas Migas Vainilla 430 g",
    "brand": "Buenas Migas",
    "category": "panaderia-y-pasteleria",
    "price": 1832,
    "price_original": 2290,
    "currency": "CLP",
    "size": null,
    "unit_price": null,
    "image_url": "https://jumbocl.vteximg.com.br/arquivos/ids/315952-250-250/Bolsa-Magdalena-Buenas-Migas-Vainilla-430-g.jpg?v=638776407028500000",
    "productUrl": "https://www.jumbo.cl/magdalena-vainilla-buenas-migas-1897979/p",
    "in_stock": true,
    "promo_text": "20% dcto.",
    "sku": "113938",
    "rating": 4,
    "description": null
  },
  {
    "id": "108473",
    "name": "Pan Molde Kingsbury Hi Low 500 g",
    "brand": "Kingsbury",
    "category": "panaderia-y-pasteleria",
    "price": 3490,
    "price_original": null,
    "currency": "CLP",
    "size": null,
    "unit_price": 6980,
    "image_url": "https://jumbocl.vteximg.com.br/arquivos/ids/376734-250-250/Pan-de-molde-Hi-Low-500-g.jpg?v=638776808846400000",
    "productUrl": "https://www.jumbo.cl/pan-molde-kingsbury-hi-low-500g-1903239/p",
    "in_stock": true,
    "promo_text": null,
    "sku": "108473",
    "rating": 4.8,
    "description": null
  },
  {
    "id": "136811",
    "name": "Torta Panqueque Choco Manjar Guinda 15 Porciones",
    "brand": "Cuisine & Co",
    "category": "panaderia-y-pasteleria",
    "price": 19990,
    "price_original": null,
    "currency": "CLP",
    "size": null,
    "unit_price": null,
    "image_url": "https://jumbocl.vteximg.com.br/arquivos/ids/326929-250-250/Torta-Panqueque-Choco-Manjar-Guinda-15-Porciones.jpg?v=638776429586230000",
    "productUrl": "https://www.jumbo.cl/torta-panqueque-choco-manjar-guinda-15pp-1968715/p",
    "in_stock": true,
    "promo_text": null,
    "sku": "136811",
    "rating": 5,
    "description": null
  },
  {
    "id": "89128",
    "name": "Torta Bizcocho de Chocolate, Cobertura de Chocolate Negro, Chocolate de Leche y Cacao Amargo 8 Porciones",
    "brand": "Del Monte",
    "category": "panaderia-y-pasteleria",
    "price": 17990,
    "price_original": null,
    "currency": "CLP",
    "size": null,
    "unit_price": null,
    "image_url": "https://jumbocl.vteximg.com.br/arquivos/ids/311982-250-250/Torta-Bizcocho-de-Chocolate-Cobertura-de-Chocolate-Negro-Cobertura-Chocolate-de-Leche-y-Cacao-Amargo.jpg?v=638776395234800000",
    "productUrl": "https://www.jumbo.cl/torta-puro-chocolate/p",
    "in_stock": true,
    "promo_text": null,
    "sku": "89128",
    "rating": 4.7,
    "description": null
  },
  {
    "id": "139799",
    "name": "Pan Molde Fuchs Linaza Chia 600 g",
    "brand": "Fuchs",
    "category": "panaderia-y-pasteleria",
    "price": 2990,
    "price_original": null,
    "currency": "CLP",
    "size": null,
    "unit_price": 4983,
    "image_url": "https://jumbocl.vteximg.com.br/arquivos/ids/332268-250-250/Pan-Molde-Fuchs-Linaza-Chia-600-g.jpg?v=638776433925270000",
    "productUrl": "https://www.jumbo.cl/esponja-vileda-ultrafresh-acanalada-3un-2003313/p",
    "in_stock": true,
    "promo_text": null,
    "sku": "139799",
    "rating": 5,
    "description": null
  },
  {
    "id": "9250",
    "name": "Magdalenas Pulmahue Sabor Vainilla 6 un.",
    "brand": "Pulmahue",
    "category": "panaderia-y-pasteleria",
    "price": 1990,
    "price_original": null,
    "currency": "CLP",
    "size": null,
    "unit_price": null,
    "image_url": "https://jumbocl.vteximg.com.br/arquivos/ids/349726-250-250/Magdalenas-Pulmahue-sabor-Vainilla-6-unid.jpg?v=638776678248270000",
    "productUrl": "https://www.jumbo.cl/magdalenas-pulmahue-6-unid-sabor-vainilla/p",
    "in_stock": true,
    "promo_text": null,
    "sku": "9250",
    "rating": 4.7,
    "description": null
  },
  {
    "id": "98886",
    "name": "Torta Cecilia Pistacho: Panqueque, Truffa, Pistacho, Pasta de Almendras y Mazapán 10 Porciones",
    "brand": "Jumbo Artesanal",
    "category": "panaderia-y-pasteleria",
    "price": 22990,
    "price_original": null,
    "currency": "CLP",
    "size": null,
    "unit_price": null,
    "image_url": "https://jumbocl.vteximg.com.br/arquivos/ids/313360-250-250/Torta-Panqueque-Truffa-Pistacho-y-Mazapan.jpg?v=638776399487230000",
    "productUrl": "https://www.jumbo.cl/torta-cecilia-pistacho-jumbo-artesanal/p",
    "in_stock": true,
    "promo_text": null,
    "sku": "98886",
    "rating": 4.5,
    "description": null
  },
  {
    "id": "9071",
    "name": "Pan Baguette Rústico 1 un.",
    "brand": "Cuisine & Co",
    "category": "panaderia-y-pasteleria",
    "price": 1490,
    "price_original": null,
    "currency": "CLP",
    "size": null,
    "unit_price": null,
    "image_url": "https://jumbocl.vteximg.com.br/arquivos/ids/300965-250-250/Pan-Baguette-Rustico-un.jpg?v=638776374282430000",
    "productUrl": "https://www.jumbo.cl/baguette-rustico-jumbo-1-unid-2/p",
    "in_stock": true,
    "promo_text": null,
    "sku": "9071",
    "rating": 3.6,
    "description": null
  },
  {
    "id": "26206",
    "name": "Torta Bizcocho, Crema Chantilly y Trozos de Piña 15 Porciones",
    "brand": "Cuisine & Co",
    "category": "panaderia-y-pasteleria",
    "price": 17990,
    "price_original": null,
    "currency": "CLP",
    "size": null,
    "unit_price": null,
    "image_url": "https://jumbocl.vteximg.com.br/arquivos/ids/306217-250-250/Torta-Bizcocho-Crema-Chantilly-y-Trozos-de-Pi%C3%B1a.jpg?v=638776382136800000",
    "productUrl": "https://www.jumbo.cl/torta-pina-jumbo-15-personas/p",
    "in_stock": true,
    "promo_text": null,
    "sku": "26206",
    "rating": 4.7,
    "description": null
  },
  {
    "id": "22936",
    "name": "Torta Elisa: Panqueque Vainilla, Crema Naranja, Manjar y Puré de Almendras 15 Porciones",
    "brand": "Jumbo Artesanal",
    "category": "panaderia-y-pasteleria",
    "price": 29990,
    "price_original": null,
    "currency": "CLP",
    "size": null,
    "unit_price": null,
    "image_url": "https://jumbocl.vteximg.com.br/arquivos/ids/304739-250-250/Torta-Panqueque-Crema-Naranja-Manjar-y-Almendras.jpg?v=638776380437900000",
    "productUrl": "https://www.jumbo.cl/torta-elisa-1-unid/p",
    "in_stock": true,
    "promo_text": null,
    "sku": "22936",
    "rating": 4.9,
    "description": null
  },
  {
    "id": "26202",
    "name": "Torta Hoja, Crema Pastelera y Manjar 15 Porciones",
    "brand": "Cuisine & Co",
    "category": "panaderia-y-pasteleria",
    "price": 19990,
    "price_original": null,
    "currency": "CLP",
    "size": null,
    "unit_price": null,
    "image_url": "https://jumbocl.vteximg.com.br/arquivos/ids/306594-250-250/Torta-Hoja-Crema-Pastelera-y-Manjar-15-Porciones.jpg?v=638776382660170000",
    "productUrl": "https://www.jumbo.cl/torta-hoja-pastelera-jumbo-15-personas/p",
    "in_stock": true,
    "promo_text": null,
    "sku": "26202",
    "rating": 4,
    "description": null
  },
  {
    "id": "112495",
    "name": "Queque Low Carb Harina Almendra y Coco Sin Azúcar",
    "brand": "Jumbo Artesanal",
    "category": "panaderia-y-pasteleria",
    "price": 3990,
    "price_original": null,
    "currency": "CLP",
    "size": null,
    "unit_price": null,
    "image_url": "https://jumbocl.vteximg.com.br/arquivos/ids/315657-250-250/Queque-Low-Carb-Harina-de-Almendra-y-Coco-Sin-Azucar.jpg?v=638776405889070000",
    "productUrl": "https://www.jumbo.cl/queque-low-carb-jumbo-artesanal-1892326/p",
    "in_stock": true,
    "promo_text": null,
    "sku": "112495",
    "rating": 4.8,
    "description": null
  },
  {
    "id": "9185",
    "name": "Pastel Mil Hojas Agua de Piedra 280 g",
    "brand": "Agua de Piedra",
    "category": "panaderia-y-pasteleria",
    "price": 3490,
    "price_original": null,
    "currency": "CLP",
    "size": null,
    "unit_price": 12464,
    "image_url": "https://jumbocl.vteximg.com.br/arquivos/ids/349707-250-250/Pastel-mil-hojas-280-g.jpg?v=638776678166000000",
    "productUrl": "https://www.jumbo.cl/pastel-mil-hojas-agua-de-piedra-bandeja-280-g/p",
    "in_stock": true,
    "promo_text": null,
    "sku": "9185",
    "rating": 4,
    "description": null
  },
  {
    "id": "26210",
    "name": "Torta Bizcocho, Tres Leches con Crema Pastelera y Merengue 15 Porciones",
    "brand": "Cuisine & Co",
    "category": "panaderia-y-pasteleria",
    "price": 17990,
    "price_original": null,
    "currency": "CLP",
    "size": null,
    "unit_price": null,
    "image_url": "https://jumbocl.vteximg.com.br/arquivos/ids/306296-250-250/Torta-Bizcocho-Tres-Leches-Con-Crema-Pastelera-y-Merengue.jpg?v=638776382212330000",
    "productUrl": "https://www.jumbo.cl/torta-tres-leches-jumbo-15-personas/p",
    "in_stock": true,
    "promo_text": null,
    "sku": "26210",
    "rating": 4.7,
    "description": null
  },
  {
    "id": "26212",
    "name": "Torta Bizcocho Chocolate, Manjar y Mermelada Frambuesa 15 Porciones",
    "brand": "Cuisine & Co",
    "category": "panaderia-y-pasteleria",
    "price": 19990,
    "price_original": null,
    "currency": "CLP",
    "size": null,
    "unit_price": null,
    "image_url": "https://jumbocl.vteximg.com.br/arquivos/ids/306330-250-250/Torta-Bizcocho-Chocolate-Manjar-y-Mermelada-Frambuesa.jpg?v=638776382246270000",
    "productUrl": "https://www.jumbo.cl/torta-viena-jumbo-15-personas-2/p",
    "in_stock": true,
    "promo_text": null,
    "sku": "26212",
    "rating": 4.5,
    "description": null
  },
  {
    "id": "139517",
    "name": "Tartaleta Frutas Surtidas",
    "brand": "Jumbo Artesanal",
    "category": "panaderia-y-pasteleria",
    "price": 13990,
    "price_original": null,
    "currency": "CLP",
    "size": null,
    "unit_price": null,
    "image_url": "https://jumbocl.vteximg.com.br/arquivos/ids/332215-250-250/Tartaleta-Frutas-Surtidas.jpg?v=638776433883400000",
    "productUrl": "https://www.jumbo.cl/tartaleta-frutas-surtidas-jumbo-v3-2002680/p",
    "in_stock": true,
    "promo_text": null,
    "sku": "139517",
    "rating": 5,
    "description": null
  },
  {
    "id": "9236",
    "name": "Queque Kuchenmeister Marmolado 400 g",
    "brand": "Kuchenmeister",
    "category": "panaderia-y-pasteleria",
    "price": 3790,
    "price_original": null,
    "currency": "CLP",
    "size": null,
    "unit_price": 9475,
    "image_url": "https://jumbocl.vteximg.com.br/arquivos/ids/301276-250-250/Queque-Marmolado-Kuchenmeister-400-g.jpg?v=638776374742930000",
    "productUrl": "https://www.jumbo.cl/queque-marmolado-kuchenmeister-400-g/p",
    "in_stock": true,
    "promo_text": null,
    "sku": "9236",
    "rating": 4.9,
    "description": null
  },
  {
    "id": "127707",
    "name": "Torta San Jorge Chocolate: Hojarasca, Crema Chocolate, Mermelada Frambuesa, Manjar 15 Porciones",
    "brand": "Cuisine & Co",
    "category": "panaderia-y-pasteleria",
    "price": 25990,
    "price_original": null,
    "currency": "CLP",
    "size": null,
    "unit_price": null,
    "image_url": "https://jumbocl.vteximg.com.br/arquivos/ids/319708-250-250/Torta-San-Jorge-Chocolate.jpg?v=638776418047000000",
    "productUrl": "https://www.jumbo.cl/torta-san-jorge-chocolate-v3-1946041/p",
    "in_stock": true,
    "promo_text": null,
    "sku": "127707",
    "rating": 2.6,
    "description": null
  },
  {
    "id": "127681",
    "name": "Pan Ciabatta Mediterránea Granel",
    "brand": "Jumbo Artesanal",
    "category": "panaderia-y-pasteleria",
    "price": 1745,
    "price_original": null,
    "currency": "CLP",
    "size": null,
    "unit_price": 3490,
    "image_url": "https://jumbocl.vteximg.com.br/arquivos/ids/393488-250-250/CIAB-MED-JUMBO-KG.jpg?v=638776874743900000",
    "productUrl": "https://www.jumbo.cl/ciab-med-jumbo-kg/p",
    "in_stock": true,
    "promo_text": null,
    "sku": "127681",
    "rating": 4.8,
    "description": null
  },
  {
    "id": "9251",
    "name": "Magdalenas Pulmahue Sabor Chip Chocolate",
    "brand": "Pulmahue",
    "category": "panaderia-y-pasteleria",
    "price": 2590,
    "price_original": null,
    "currency": "CLP",
    "size": null,
    "unit_price": null,
    "image_url": "https://jumbocl.vteximg.com.br/arquivos/ids/349723-250-250/Magdalenas-sabor-chip-chocolate.jpg?v=638776678243130000",
    "productUrl": "https://www.jumbo.cl/magdalenas-pulmahue-sabor-chip-chocolate/p",
    "in_stock": true,
    "promo_text": null,
    "sku": "9251",
    "rating": 5,
    "description": null
  },
  {
    "id": "126567",
    "name": "Pan Molde Kingsbury Perfecto Dúo 580 g",
    "brand": "Kingsbury",
    "category": "panaderia-y-pasteleria",
    "price": 3750,
    "price_original": null,
    "currency": "CLP",
    "size": null,
    "unit_price": 6466,
    "image_url": "https://jumbocl.vteximg.com.br/arquivos/ids/391932-250-250/Pan-Molde-Kingsbury-Perfecto-Duo-580-g.jpg?v=638776869616130000",
    "productUrl": "https://www.jumbo.cl/pan-molde-kingsbury-perfecto-duo-580g-1960916/p",
    "in_stock": true,
    "promo_text": null,
    "sku": "126567",
    "rating": 5,
    "description": null
  },
  {
    "id": "53157",
    "name": "Pan Coliza Granel",
    "brand": "Cuisine & Co",
    "category": "panaderia-y-pasteleria",
    "price": 1645,
    "price_original": null,
    "currency": "CLP",
    "size": null,
    "unit_price": 3290,
    "image_url": "https://jumbocl.vteximg.com.br/arquivos/ids/359047-250-250/1704591kg1-434562.jpg?v=638776726614470000",
    "productUrl": "https://www.jumbo.cl/coliza-granel/p",
    "in_stock": true,
    "promo_text": null,
    "sku": "53157",
    "rating": 4.3,
    "description": null
  },
  {
    "id": "139484",
    "name": "Baguetín Rústico Granel",
    "brand": "Cuisine & Co",
    "category": "panaderia-y-pasteleria",
    "price": 1745,
    "price_original": null,
    "currency": "CLP",
    "size": null,
    "unit_price": 3490,
    "image_url": "https://jumbocl.vteximg.com.br/arquivos/ids/403395-250-250/1989489-KG-01_674706.jpg?v=638776912081630000",
    "productUrl": "https://www.jumbo.cl/baguetin-rustico-granel-1989489-kg/p",
    "in_stock": true,
    "promo_text": null,
    "sku": "139484",
    "rating": 4,
    "description": null
  },
  {
    "id": "26208",
    "name": "Torta Bizcocho Chocolate, Crema Chantilly y Mermelada Guinda 15 Porciones",
    "brand": "Cuisine & Co",
    "category": "panaderia-y-pasteleria",
    "price": 17990,
    "price_original": null,
    "currency": "CLP",
    "size": null,
    "unit_price": null,
    "image_url": "https://jumbocl.vteximg.com.br/arquivos/ids/306255-250-250/Torta-Bizcocho-Chocolate-Crema-Chantilly-y-Mermelada-Guinda.jpg?v=638776382175430000",
    "productUrl": "https://www.jumbo.cl/torta-selva-negra-jumbo-15-personas-2/p",
    "in_stock": true,
    "promo_text": null,
    "sku": "26208",
    "rating": 4.5,
    "description": null
  },
  {
    "id": "9089",
    "name": "Pan Italiano Granel",
    "brand": "Jumbo Artesanal",
    "category": "panaderia-y-pasteleria",
    "price": 1645,
    "price_original": null,
    "currency": "CLP",
    "size": null,
    "unit_price": 3290,
    "image_url": "https://jumbocl.vteximg.com.br/arquivos/ids/349668-250-250/Principal-11065.jpg?v=638776677989770000",
    "productUrl": "https://www.jumbo.cl/pan-italiano-jumbo-granel/p",
    "in_stock": true,
    "promo_text": null,
    "sku": "9089",
    "rating": 3.9,
    "description": null
  },
  {
    "id": "54190",
    "name": "Torta Torta Bizcocho Zanahoria, Queso Crema y Nuez 15 Porciones",
    "brand": "Jumbo Artesanal",
    "category": "panaderia-y-pasteleria",
    "price": 24990,
    "price_original": null,
    "currency": "CLP",
    "size": null,
    "unit_price": null,
    "image_url": "https://jumbocl.vteximg.com.br/arquivos/ids/308540-250-250/Torta-Bizcocho-Zanahoria-Queso-Crema-y-Nuez.jpg?v=638776387121400000",
    "productUrl": "https://www.jumbo.cl/torta-carrot-cake-jumbo-1-unid/p",
    "in_stock": true,
    "promo_text": null,
    "sku": "54190",
    "rating": 3.9,
    "description": null
  },
  {
    "id": "133334",
    "name": "Torta Chocolate Real 8-10 Porciones",
    "brand": "Cuisine & Co",
    "category": "panaderia-y-pasteleria",
    "price": 19990,
    "price_original": null,
    "currency": "CLP",
    "size": null,
    "unit_price": null,
    "image_url": "https://jumbocl.vteximg.com.br/arquivos/ids/321936-250-250/Torta-Chocolate-Real-8-10-Porciones.jpg?v=638776424419870000",
    "productUrl": "https://www.jumbo.cl/torta-chocolate-real-1968716/p",
    "in_stock": true,
    "promo_text": null,
    "sku": "133334",
    "rating": 4.8,
    "description": null
  },
  {
    "id": "9279",
    "name": "Torta Panqueque, Crema Trufa, Puré Castaña y Mazapán 10 Porciones",
    "brand": "Jumbo Artesanal",
    "category": "panaderia-y-pasteleria",
    "price": 29990,
    "price_original": null,
    "currency": "CLP",
    "size": null,
    "unit_price": null,
    "image_url": "https://jumbocl.vteximg.com.br/arquivos/ids/301320-250-250/Torta-Panqueque-Crema-Trufa-Pure-Casta%C3%B1a-y-Mazapan.jpg?v=638776374810370000",
    "productUrl": "https://www.jumbo.cl/torta-cecilia-jumbo-para-15-personas-panquequ-2/p",
    "in_stock": true,
    "promo_text": null,
    "sku": "9279",
    "rating": 4.1,
    "description": null
  },
  {
    "id": "26204",
    "name": "Torta Bizcocho, Crema y Puré de Lúcuma 15 Porciones",
    "brand": "Cuisine & Co",
    "category": "panaderia-y-pasteleria",
    "price": 17990,
    "price_original": null,
    "currency": "CLP",
    "size": null,
    "unit_price": null,
    "image_url": "https://jumbocl.vteximg.com.br/arquivos/ids/306605-250-250/Torta-Bizcocho-Crema-y-Pure-de-Lucuma.jpg?v=638776382692300000",
    "productUrl": "https://www.jumbo.cl/torta-lucuma-jumbo-15-personas-2/p",
    "in_stock": true,
    "promo_text": null,
    "sku": "26204",
    "rating": 4,
    "description": null
  },
  {
    "id": "143332",
    "name": "Tarta Banoffee 1 un.",
    "brand": "Jumbo Artesanal",
    "category": "panaderia-y-pasteleria",
    "price": 8990,
    "price_original": null,
    "currency": "CLP",
    "size": null,
    "unit_price": null,
    "image_url": "https://jumbocl.vteximg.com.br/arquivos/ids/418774-250-250/Tarta-Banoffee-Jumbo-1-un.jpg?v=638805319241030000",
    "productUrl": "https://www.jumbo.cl/tarta-banoffe-jumbo-un-2008697/p",
    "in_stock": true,
    "promo_text": null,
    "sku": "143332",
    "rating": 4.8,
    "description": null
  },
  {
    "id": "26200",
    "name": "Torta Hoja, Manjar y Chocolate 15 Porciones",
    "brand": "Cuisine & Co",
    "category": "panaderia-y-pasteleria",
    "price": 19990,
    "price_original": null,
    "currency": "CLP",
    "size": null,
    "unit_price": null,
    "image_url": "https://jumbocl.vteximg.com.br/arquivos/ids/306583-250-250/Torta-Hoja-Manjar-y-Chocolate-10-Porciones.jpg?v=638776382622470000",
    "productUrl": "https://www.jumbo.cl/torta-hoja-manjar-jumbo-15-personas/p",
    "in_stock": true,
    "promo_text": null,
    "sku": "26200",
    "rating": 4.1,
    "description": null
  },
  {
    "id": "139522",
    "name": "Kuchen Frambuesa 1 un.",
    "brand": "Cuisine & Co",
    "category": "panaderia-y-pasteleria",
    "price": 12990,
    "price_original": null,
    "currency": "CLP",
    "size": null,
    "unit_price": null,
    "image_url": "https://jumbocl.vteximg.com.br/arquivos/ids/331781-250-250/Kuchen-Frambuesa-Jumbo-V3-1-un.jpg?v=638776433460030000",
    "productUrl": "https://www.jumbo.cl/kuchen-frambuesa-jumbo-v3-1998333/p",
    "in_stock": true,
    "promo_text": null,
    "sku": "139522",
    "rating": 3.8,
    "description": null
  },
  {
    "id": "80222",
    "name": "Torta Panqueque, Mermelada Naranja, Crema Italiana y Trufa 15 Porciones",
    "brand": "Jumbo Artesanal",
    "category": "panaderia-y-pasteleria",
    "price": 29990,
    "price_original": null,
    "currency": "CLP",
    "size": null,
    "unit_price": null,
    "image_url": "https://jumbocl.vteximg.com.br/arquivos/ids/310933-250-250/Torta-Panqueque-Mermelada-Naranja-Crema-Italiana-y-Trufa.jpg?v=638776392545900000",
    "productUrl": "https://www.jumbo.cl/torta-panqq-nar-choc-15p-jumbo-artesanal/p",
    "in_stock": true,
    "promo_text": null,
    "sku": "80222",
    "rating": 3.7,
    "description": null
  },
  {
    "id": "135685",
    "name": "Medialunas Selección 5 un.",
    "brand": "Cuisine & Co",
    "category": "panaderia-y-pasteleria",
    "price": 2990,
    "price_original": null,
    "currency": "CLP",
    "size": null,
    "unit_price": null,
    "image_url": "https://jumbocl.vteximg.com.br/arquivos/ids/325083-250-250/1982391-01_669630.jpg?v=638776428107200000",
    "productUrl": "https://www.jumbo.cl/pack-5-medialunas-seleccion-1982391/p",
    "in_stock": true,
    "promo_text": null,
    "sku": "135685",
    "rating": 5,
    "description": null
  },
  {
    "id": "136832",
    "name": "Pan Trekking Bread 1 kg",
    "brand": "Jumbo Artesanal",
    "category": "panaderia-y-pasteleria",
    "price": 5990,
    "price_original": null,
    "currency": "CLP",
    "size": null,
    "unit_price": 5990,
    "image_url": "https://jumbocl.vteximg.com.br/arquivos/ids/326925-250-250/Pan-Trekking-Bread-Jumbo-Artesanal-1-kg.jpg?v=638776429582930000",
    "productUrl": "https://www.jumbo.cl/pan-trekking-bread-jumbo-artesanal-1-kg/p",
    "in_stock": true,
    "promo_text": "Paga $4.193",
    "sku": "136832",
    "rating": 4.6,
    "description": null
  },
  {
    "id": "9213",
    "name": "Eclair Bandeja 2 un.",
    "brand": "Jumbo Artesanal",
    "category": "panaderia-y-pasteleria",
    "price": 3580,
    "price_original": null,
    "currency": "CLP",
    "size": null,
    "unit_price": null,
    "image_url": "https://jumbocl.vteximg.com.br/arquivos/ids/430517-250-250/Eclair-Bandeja-2-un.jpg?v=638819684517670000",
    "productUrl": "https://www.jumbo.cl/ecler-jumbo-crema-pastelera-manjar-chocolate-2-2/p",
    "in_stock": true,
    "promo_text": null,
    "sku": "9213",
    "rating": 5,
    "description": null
  },
  {
    "id": "98887",
    "name": "Torta Panqueque, Trufa, Mango, Maracuyá y Mazapán 10 Porciones",
    "brand": "Jumbo Artesanal",
    "category": "panaderia-y-pasteleria",
    "price": 22990,
    "price_original": null,
    "currency": "CLP",
    "size": null,
    "unit_price": null,
    "image_url": "https://jumbocl.vteximg.com.br/arquivos/ids/313188-250-250/Torta-Panqueque-Trufa-Mango-Maracuya-y-Mazapan.jpg?v=638776398930070000",
    "productUrl": "https://www.jumbo.cl/torta-cecilia-mango-maracuya-jumbo-art/p",
    "in_stock": true,
    "promo_text": null,
    "sku": "98887",
    "rating": 4.6,
    "description": null
  },
  {
    "id": "69916",
    "name": "Pan Dark 1 un.",
    "brand": "Jumbo Artesanal",
    "category": "panaderia-y-pasteleria",
    "price": 2590,
    "price_original": null,
    "currency": "CLP",
    "size": null,
    "unit_price": null,
    "image_url": "https://jumbocl.vteximg.com.br/arquivos/ids/309922-250-250/Pan-Dark-un.jpg?v=638776390266500000",
    "productUrl": "https://www.jumbo.cl/pan-dark-jumbo-artesanal-un/p",
    "in_stock": true,
    "promo_text": null,
    "sku": "69916",
    "rating": 5,
    "description": null
  },
  {
    "id": "9232",
    "name": "Queque Kuchenmeister Stracciatella Trocitos de Chocolate 400 g",
    "brand": "Kuchenmeister",
    "category": "panaderia-y-pasteleria",
    "price": 3790,
    "price_original": null,
    "currency": "CLP",
    "size": null,
    "unit_price": 9475,
    "image_url": "https://jumbocl.vteximg.com.br/arquivos/ids/301188-250-250/Queque-Stracciatella-Kuchenmeister-Con-trocitos-de-Chocolate-400-g.jpg?v=638776374629270000",
    "productUrl": "https://www.jumbo.cl/queque-kuchenmeister-bolsa-400-g-stracciatell/p",
    "in_stock": true,
    "promo_text": null,
    "sku": "9232",
    "rating": 5,
    "description": null
  },
  {
    "id": "139483",
    "name": "Bocado de Dama Granel",
    "brand": "Cuisine & Co",
    "category": "panaderia-y-pasteleria",
    "price": 2145,
    "price_original": null,
    "currency": "CLP",
    "size": null,
    "unit_price": 4290,
    "image_url": "https://jumbocl.vteximg.com.br/arquivos/ids/331819-250-250/Bocado-de-Dama-kg.jpg?v=638776433494400000",
    "productUrl": "https://www.jumbo.cl/bocado-de-dama-kg-2002215-kg/p",
    "in_stock": true,
    "promo_text": null,
    "sku": "139483",
    "rating": 5,
    "description": null
  },
  {
    "id": "136833",
    "name": "Pan Hogaza Multi Wholegrain 700 g",
    "brand": "Jumbo Artesanal",
    "category": "panaderia-y-pasteleria",
    "price": 2990,
    "price_original": null,
    "currency": "CLP",
    "size": null,
    "unit_price": 4271,
    "image_url": "https://jumbocl.vteximg.com.br/arquivos/ids/326953-250-250/Pan-Hogaza-Multi-Wholegrain-Jumbo-Artesanal-700-kg.jpg?v=638776429609870000",
    "productUrl": "https://www.jumbo.cl/pan-hogaza-multi-wholegrain-jumbo-artesanal-700-kg/p",
    "in_stock": true,
    "promo_text": null,
    "sku": "136833",
    "rating": 4.8,
    "description": null
  },
  {
    "id": "9269",
    "name": "Torta Panqueque, Crema Piña Limón y Coco Rallado 15 Porciones",
    "brand": "Jumbo Artesanal",
    "category": "panaderia-y-pasteleria",
    "price": 29990,
    "price_original": null,
    "currency": "CLP",
    "size": null,
    "unit_price": null,
    "image_url": "https://jumbocl.vteximg.com.br/arquivos/ids/301207-250-250/Torta-Panqueque-Crema-Pi%C3%B1a-Limon-y-Coco-Rallado.jpg?v=638776374650400000",
    "productUrl": "https://www.jumbo.cl/torta-ana-maria-jumbo-para-15-personas-2/p",
    "in_stock": true,
    "promo_text": null,
    "sku": "9269",
    "rating": 4.4,
    "description": null
  },
  {
    "id": "9073",
    "name": "Fugazza Al Pesto con Aceitunas 1 un.",
    "brand": "Jumbo Artesanal",
    "category": "panaderia-y-pasteleria",
    "price": 2290,
    "price_original": null,
    "currency": "CLP",
    "size": null,
    "unit_price": null,
    "image_url": "https://jumbocl.vteximg.com.br/arquivos/ids/300976-250-250/Fugazza-Al-Pesto-Con-Aceitunas-un.jpg?v=638776374311300000",
    "productUrl": "https://www.jumbo.cl/fugazza-al-pesto-y-aceitunas-jumbo-1-unid-2/p",
    "in_stock": true,
    "promo_text": null,
    "sku": "9073",
    "rating": 3.7,
    "description": null
  },
  {
    "id": "9092",
    "name": "Pan Kassler Cereal 750 g",
    "brand": "Jumbo Artesanal",
    "category": "panaderia-y-pasteleria",
    "price": 3290,
    "price_original": null,
    "currency": "CLP",
    "size": null,
    "unit_price": null,
    "image_url": "https://jumbocl.vteximg.com.br/arquivos/ids/301111-250-250/Pan-Kassler-Cereal-750-g.jpg?v=638776374545130000",
    "productUrl": "https://www.jumbo.cl/pan-kassler-jumbo-1-unid-linaza-y-sesamo-2/p",
    "in_stock": true,
    "promo_text": null,
    "sku": "9092",
    "rating": 4.6,
    "description": null
  },
  {
    "id": "9074",
    "name": "Fugazza Cebolla 1 un.",
    "brand": "Jumbo Artesanal",
    "category": "panaderia-y-pasteleria",
    "price": 1990,
    "price_original": null,
    "currency": "CLP",
    "size": null,
    "unit_price": null,
    "image_url": "https://jumbocl.vteximg.com.br/arquivos/ids/300997-250-250/Fugazza-Cebolla-un.jpg?v=638776374345670000",
    "productUrl": "https://www.jumbo.cl/fugazza-jumbo-1-unid-6-porciones-aprox-ceboll-2/p",
    "in_stock": true,
    "promo_text": null,
    "sku": "9074",
    "rating": 4.4,
    "description": null
  },
  {
    "id": "158750",
    "name": "Pan de Molde Fuchs Blanco Semillas 350 g",
    "brand": "Ideal",
    "category": "panaderia-y-pasteleria",
    "price": 2390,
    "price_original": null,
    "currency": "CLP",
    "size": null,
    "unit_price": 6829,
    "image_url": "https://jumbocl.vteximg.com.br/arquivos/ids/522994-250-250/PAN-MOLDE-BLANCO-SEMILLAS-FUCHS-350G.jpg?v=638959818492800000",
    "productUrl": "https://www.jumbo.cl/pan-molde-blanco-semillas-fuchs-350g-2052287/p",
    "in_stock": true,
    "promo_text": null,
    "sku": "158750",
    "rating": null,
    "description": null
  },
  {
    "id": "9047",
    "name": "Pan Landbrot 800 g",
    "brand": "Jumbo Artesanal",
    "category": "panaderia-y-pasteleria",
    "price": 3490,
    "price_original": null,
    "currency": "CLP",
    "size": null,
    "unit_price": 4363,
    "image_url": "https://jumbocl.vteximg.com.br/arquivos/ids/520497-250-250/Pan-Landbrot-800-g.jpg?v=638953644185670000",
    "productUrl": "https://www.jumbo.cl/pan-de-molde-landbrot-jumbo-bolsa-800-grs-2/p",
    "in_stock": true,
    "promo_text": null,
    "sku": "9047",
    "rating": 4.6,
    "description": null
  },
  {
    "id": "9079",
    "name": "Pan Campo 550 g",
    "brand": "Jumbo Artesanal",
    "category": "panaderia-y-pasteleria",
    "price": 2290,
    "price_original": null,
    "currency": "CLP",
    "size": null,
    "unit_price": 4164,
    "image_url": "https://jumbocl.vteximg.com.br/arquivos/ids/301038-250-250/Pan-Campo-550-g.jpg?v=638776374407900000",
    "productUrl": "https://www.jumbo.cl/pan-campo-rustico-jumbo-550-g-1-unid-2/p",
    "in_stock": true,
    "promo_text": null,
    "sku": "9079",
    "rating": 3.6,
    "description": null
  },
  {
    "id": "9099",
    "name": "Pan Rustikal Brot 850 g",
    "brand": "Jumbo Artesanal",
    "category": "panaderia-y-pasteleria",
    "price": 3690,
    "price_original": null,
    "currency": "CLP",
    "size": null,
    "unit_price": 4341,
    "image_url": "https://jumbocl.vteximg.com.br/arquivos/ids/301171-250-250/Pan-Rustikal-Brot-850-g.jpg?v=638776374602530000",
    "productUrl": "https://www.jumbo.cl/pan-rustikal-brot-jumbo-850-g-2/p",
    "in_stock": true,
    "promo_text": null,
    "sku": "9099",
    "rating": 4.8,
    "description": null
  },
  {
    "id": "9249",
    "name": "Magdalenas Pulmahue Sabor Tres Leches 6 un.",
    "brand": "Pulmahue",
    "category": "panaderia-y-pasteleria",
    "price": 1990,
    "price_original": null,
    "currency": "CLP",
    "size": null,
    "unit_price": null,
    "image_url": "https://jumbocl.vteximg.com.br/arquivos/ids/349715-250-250/Magdalenas-Pulmahue-sabor-Tres-Leches-6-unid.jpg?v=638776678205370000",
    "productUrl": "https://www.jumbo.cl/magdalenas-pulmahue-6-unid-sabor-tres-leches/p",
    "in_stock": true,
    "promo_text": null,
    "sku": "9249",
    "rating": 4.5,
    "description": null
  },
  {
    "id": "139514",
    "name": "Torta Selva Negra Vegana 10 Porciones",
    "brand": "Cuisine & Co",
    "category": "panaderia-y-pasteleria",
    "price": 16990,
    "price_original": null,
    "currency": "CLP",
    "size": null,
    "unit_price": null,
    "image_url": "https://jumbocl.vteximg.com.br/arquivos/ids/332097-250-250/Torta-Selva-Negra-Vegana-10-Porciones.jpg?v=638776433787530000",
    "productUrl": "https://www.jumbo.cl/torta-selva-negra-vegana-v3-1968434/p",
    "in_stock": true,
    "promo_text": null,
    "sku": "139514",
    "rating": 4.9,
    "description": null
  },
  {
    "id": "80220",
    "name": "Torta Imperial: Panqueque Vainilla, Crema Trufa, Puré de Lúcuma y Manjar 10 Porciones",
    "brand": "Jumbo Artesanal",
    "category": "panaderia-y-pasteleria",
    "price": 22990,
    "price_original": null,
    "currency": "CLP",
    "size": null,
    "unit_price": null,
    "image_url": "https://jumbocl.vteximg.com.br/arquivos/ids/310904-250-250/Torta-Panqueque-Crema-Trufa-Lucuma-Dulce-Leche.jpg?v=638776392479200000",
    "productUrl": "https://www.jumbo.cl/torta-imperial-10p-jumbo-artesanal/p",
    "in_stock": true,
    "promo_text": null,
    "sku": "80220",
    "rating": 4.1,
    "description": null
  },
  {
    "id": "149321",
    "name": "Pan Pita Blanco Granel",
    "brand": "Jumbo",
    "category": "panaderia-y-pasteleria",
    "price": 1645,
    "price_original": null,
    "currency": "CLP",
    "size": null,
    "unit_price": 3290,
    "image_url": "https://jumbocl.vteximg.com.br/arquivos/ids/490309-250-250/1704597-KG-01_52319.jpg?v=638901425561370000",
    "productUrl": "https://www.jumbo.cl/pan-pita-blanco-v4-kg-1704597-kg/p",
    "in_stock": true,
    "promo_text": null,
    "sku": "149321",
    "rating": null,
    "description": null
  },
  {
    "id": "156139",
    "name": "Pack Mini Queque Castaño Halloween 105 g",
    "brand": "Castaño",
    "category": "panaderia-y-pasteleria",
    "price": 1290,
    "price_original": null,
    "currency": "CLP",
    "size": null,
    "unit_price": 12286,
    "image_url": "https://jumbocl.vteximg.com.br/arquivos/ids/501980-250-250/Pack-Mini-Queque-Casta%C3%B1o-Halloween-105-g.jpg?v=638923745296000000",
    "productUrl": "https://www.jumbo.cl/mini-queque-pack-halloween-castano-105g-2046828/p",
    "in_stock": true,
    "promo_text": null,
    "sku": "156139",
    "rating": null,
    "description": null
  },
  {
    "id": "51548",
    "name": "Tortillas de Maíz Saniito Sin Gluten 240 g 8 un.",
    "brand": "Saniito",
    "category": "panaderia-y-pasteleria",
    "price": 2890,
    "price_original": null,
    "currency": "CLP",
    "size": null,
    "unit_price": 12042,
    "image_url": "https://jumbocl.vteximg.com.br/arquivos/ids/358947-250-250/Tortillas-de-maiz-sin-gluten-8-un-240-g.jpg?v=638776726091170000",
    "productUrl": "https://www.jumbo.cl/tortilla-de-maiz-saniito-s-gluten-8-unid/p",
    "in_stock": true,
    "promo_text": null,
    "sku": "51548",
    "rating": 4.6,
    "description": null
  },
  {
    "id": "9234",
    "name": "Queque Kuchenmeister Chocolate 400 g",
    "brand": "Kuchenmeister",
    "category": "panaderia-y-pasteleria",
    "price": 3790,
    "price_original": null,
    "currency": "CLP",
    "size": null,
    "unit_price": 9475,
    "image_url": "https://jumbocl.vteximg.com.br/arquivos/ids/301233-250-250/Queque-de-Chocolate-Kuchenmeister-400-g.jpg?v=638776374686000000",
    "productUrl": "https://www.jumbo.cl/queque-de-chocolate-kuchenmeister-bolsa-400-g/p",
    "in_stock": true,
    "promo_text": null,
    "sku": "9234",
    "rating": 5,
    "description": null
  },
  {
    "id": "97297",
    "name": "Torta Nuez, Manjar, Chocolate, Libre Gluten y Sin Azúcar 10 Porciones",
    "brand": "Alea",
    "category": "panaderia-y-pasteleria",
    "price": 19990,
    "price_original": null,
    "currency": "CLP",
    "size": null,
    "unit_price": null,
    "image_url": "https://jumbocl.vteximg.com.br/arquivos/ids/312899-250-250/Torta-Alea-Nuez-Manjar-Chocolate-Libre-Gluten-y-Sin-Azucar.jpg?v=638776397955070000",
    "productUrl": "https://www.jumbo.cl/torta-nuez-manjar-s-az-y-s-gluten-alea-1846770/p",
    "in_stock": true,
    "promo_text": null,
    "sku": "97297",
    "rating": 3,
    "description": null
  },
  {
    "id": "139802",
    "name": "Pan Molde Fuchs Calabaza Nuez 600 g",
    "brand": "Fuchs",
    "category": "panaderia-y-pasteleria",
    "price": 2990,
    "price_original": null,
    "currency": "CLP",
    "size": null,
    "unit_price": 4983,
    "image_url": "https://jumbocl.vteximg.com.br/arquivos/ids/332377-250-250/Pan-Molde-Fuchs-Calabaza-Nuez-600-g.jpg?v=638776434009730000",
    "productUrl": "https://www.jumbo.cl/cr-dental-sensodyne-complete-prot-140gr-2005174/p",
    "in_stock": true,
    "promo_text": null,
    "sku": "139802",
    "rating": 4.7,
    "description": null
  },
  {
    "id": "27913",
    "name": "Tarta Uva Frutilla Artesanal",
    "brand": "Jumbo Artesanal",
    "category": "panaderia-y-pasteleria",
    "price": 14990,
    "price_original": null,
    "currency": "CLP",
    "size": null,
    "unit_price": null,
    "image_url": "https://jumbocl.vteximg.com.br/arquivos/ids/306556-250-250/Tarta-uva-frutilla-artesanal.jpg?v=638776382555800000",
    "productUrl": "https://www.jumbo.cl/tarta-uva-frutilla-jumbo-artesanal-artesanal/p",
    "in_stock": true,
    "promo_text": null,
    "sku": "27913",
    "rating": 4,
    "description": null
  },
  {
    "id": "9233",
    "name": "Queque Kuchenmeister Zitrone Limón 400 g",
    "brand": "Kuchenmeister",
    "category": "panaderia-y-pasteleria",
    "price": 3790,
    "price_original": null,
    "currency": "CLP",
    "size": null,
    "unit_price": 9475,
    "image_url": "https://jumbocl.vteximg.com.br/arquivos/ids/301217-250-250/Queque-Zitrone-Kuchenmeister-sabor-Limon-400-g.jpg?v=638776374656870000",
    "productUrl": "https://www.jumbo.cl/queque-kuchenmeister-bolsa-400-g-zitrone-sabo/p",
    "in_stock": true,
    "promo_text": null,
    "sku": "9233",
    "rating": 4.4,
    "description": null
  },
  {
    "id": "131908",
    "name": "Torta Panqueque Naranja Sin Azúcar 8 Porciones",
    "brand": "Tavelli",
    "category": "panaderia-y-pasteleria",
    "price": 21990,
    "price_original": null,
    "currency": "CLP",
    "size": null,
    "unit_price": null,
    "image_url": "https://jumbocl.vteximg.com.br/arquivos/ids/321158-250-250/Torta-Panqueque-Tavelli-Naranja-Sin-Azucar.jpg?v=638776422629930000",
    "productUrl": "https://www.jumbo.cl/torta-tavelli-panqueque-naranja-s-azucar-1975678/p",
    "in_stock": true,
    "promo_text": null,
    "sku": "131908",
    "rating": 4.7,
    "description": null
  },
  {
    "id": "131906",
    "name": "Torta Panqueque Naranja 5 Porciones",
    "brand": "Tavelli",
    "category": "panaderia-y-pasteleria",
    "price": 14990,
    "price_original": null,
    "currency": "CLP",
    "size": null,
    "unit_price": null,
    "image_url": "https://jumbocl.vteximg.com.br/arquivos/ids/484548-250-250/Torta-Panqueque-Naranja-5-Porciones.jpg?v=638892617718100000",
    "productUrl": "https://www.jumbo.cl/torta-tavelli-panqueque-naranja-ind-1975676/p",
    "in_stock": true,
    "promo_text": null,
    "sku": "131906",
    "rating": 4.5,
    "description": null
  },
  {
    "id": "9223",
    "name": "Queque Frankfurt con Azúcar Flor 8-10 Porciones",
    "brand": "Jumbo Artesanal",
    "category": "panaderia-y-pasteleria",
    "price": 7990,
    "price_original": null,
    "currency": "CLP",
    "size": null,
    "unit_price": null,
    "image_url": "https://jumbocl.vteximg.com.br/arquivos/ids/301063-250-250/Queque-Frankfurt-Con-Azucar-Flor-8-10-Porciones.jpg?v=638949237275100000",
    "productUrl": "https://www.jumbo.cl/queque-frankfurt-jumbo-1-unid-con-azucar-flor-2-2/p",
    "in_stock": true,
    "promo_text": null,
    "sku": "9223",
    "rating": 4.8,
    "description": null
  },
  {
    "id": "139519",
    "name": "Kuchen Manzana Trenzado 1 un.",
    "brand": "Cuisine & Co",
    "category": "panaderia-y-pasteleria",
    "price": 12990,
    "price_original": null,
    "currency": "CLP",
    "size": null,
    "unit_price": null,
    "image_url": "https://jumbocl.vteximg.com.br/arquivos/ids/332293-250-250/Kuchen-Manzana-Trenzado-Jumbo-1-un.jpg?v=638776433941970000",
    "productUrl": "https://www.jumbo.cl/kuchen-manzana-trenzado-jumbo-v3-1998332/p",
    "in_stock": true,
    "promo_text": null,
    "sku": "139519",
    "rating": 4.6,
    "description": null
  },
  {
    "id": "127224",
    "name": "Tortilla Taco Cuisine & Co 240 g 8 un.",
    "brand": "Cuisine & Co",
    "category": "panaderia-y-pasteleria",
    "price": 1290,
    "price_original": null,
    "currency": "CLP",
    "size": null,
    "unit_price": null,
    "image_url": "https://jumbocl.vteximg.com.br/arquivos/ids/319268-250-250/Tortilla-Taco-8-un.jpg?v=638776417132070000",
    "productUrl": "https://www.jumbo.cl/tortilla-taco-8-un-cuisine-and-co-1951503/p",
    "in_stock": true,
    "promo_text": "Paga $774",
    "sku": "127224",
    "rating": 5,
    "description": null
  },
  {
    "id": "125804",
    "name": "Pan Molde Arroz Salvaje Clean Label 900 g",
    "brand": "Jumbo Artesanal",
    "category": "panaderia-y-pasteleria",
    "price": 4290,
    "price_original": null,
    "currency": "CLP",
    "size": null,
    "unit_price": 4767,
    "image_url": "https://jumbocl.vteximg.com.br/arquivos/ids/318774-250-250/Pan-Molde-Arroz-Salvaje-Clean-Label-900-g.jpg?v=638776415851900000",
    "productUrl": "https://www.jumbo.cl/molde-arroz-salvaje-clean-label-900-g-1951048/p",
    "in_stock": true,
    "promo_text": "Paga $3.003",
    "sku": "125804",
    "rating": 4.6,
    "description": null
  },
  {
    "id": "115677",
    "name": "Pan Molde Castaño Blanco XL Sin Lactosa 770 g",
    "brand": "Castaño",
    "category": "panaderia-y-pasteleria",
    "price": 2490,
    "price_original": 2990,
    "currency": "CLP",
    "size": null,
    "unit_price": 3234,
    "image_url": "https://jumbocl.vteximg.com.br/arquivos/ids/424290-250-250/Pan-Molde-Casta%C3%B1o-Blanco-XL-Sin-Lactosa-770-g.jpg?v=638810457000100000",
    "productUrl": "https://www.jumbo.cl/pan-molde-castano-blanco-s-lactosa-770g-1932111/p",
    "in_stock": true,
    "promo_text": null,
    "sku": "115677",
    "rating": 4.9,
    "description": null
  },
  {
    "id": "104387",
    "name": "Torta Panqueque Trufa y Chocolate 8 Porciones",
    "brand": "Tavelli",
    "category": "panaderia-y-pasteleria",
    "price": 23990,
    "price_original": null,
    "currency": "CLP",
    "size": null,
    "unit_price": null,
    "image_url": "https://jumbocl.vteximg.com.br/arquivos/ids/314335-250-250/Torta-Panqueque-Tavelli-Trufa-y-Chocolate.jpg?v=638776401737570000",
    "productUrl": "https://www.jumbo.cl/torta-panqueque-trufa-chocolate-tavelli-1894078/p",
    "in_stock": true,
    "promo_text": null,
    "sku": "104387",
    "rating": 5,
    "description": null
  },
  {
    "id": "97298",
    "name": "Torta Almendra Frambuesa Sin Azúcar y Sin Gluten 10 Porciones",
    "brand": "Alea",
    "category": "panaderia-y-pasteleria",
    "price": 19990,
    "price_original": null,
    "currency": "CLP",
    "size": null,
    "unit_price": null,
    "image_url": "https://jumbocl.vteximg.com.br/arquivos/ids/312907-250-250/Torta-Almendra-Frambuesa-Sin-Azucar-y-Sin-Gluten.jpg?v=638776397984800000",
    "productUrl": "https://www.jumbo.cl/torta-almendra-framb-s-az-y-s-glut-alea-1846771/p",
    "in_stock": true,
    "promo_text": null,
    "sku": "97298",
    "rating": 3.4,
    "description": null
  },
  {
    "id": "141049",
    "name": "Torta Hojarasca Plátano Manjar",
    "brand": "Jumbo Artesanal",
    "category": "panaderia-y-pasteleria",
    "price": 19990,
    "price_original": null,
    "currency": "CLP",
    "size": null,
    "unit_price": null,
    "image_url": "https://jumbocl.vteximg.com.br/arquivos/ids/335089-250-250/Torta-Hojarasca-Platano-Manjar.jpg?v=638776436128930000",
    "productUrl": "https://www.jumbo.cl/torta-hojarasca-platano-manjar-2006277/p",
    "in_stock": true,
    "promo_text": null,
    "sku": "141049",
    "rating": 3.8,
    "description": null
  },
  {
    "id": "81773",
    "name": "Torta Bizcocho Chocolate, Crema Chocolate, Mermelada Frambuesa. 15 Porciones",
    "brand": "Cuisine & Co",
    "category": "panaderia-y-pasteleria",
    "price": 19990,
    "price_original": null,
    "currency": "CLP",
    "size": null,
    "unit_price": null,
    "image_url": "https://jumbocl.vteximg.com.br/arquivos/ids/311214-250-250/Torta-Bizcocho-Chocolate-Crema-Chocolate-Mermelada-Frambuesa.jpg?v=638776393153000000",
    "productUrl": "https://www.jumbo.cl/torta-bombon-jumbo-15p-v3/p",
    "in_stock": true,
    "promo_text": null,
    "sku": "81773",
    "rating": 4.8,
    "description": null
  },
  {
    "id": "139523",
    "name": "Kuchen Durazno 1 un.",
    "brand": "Cuisine & Co",
    "category": "panaderia-y-pasteleria",
    "price": 12990,
    "price_original": null,
    "currency": "CLP",
    "size": null,
    "unit_price": null,
    "image_url": "https://jumbocl.vteximg.com.br/arquivos/ids/331807-250-250/Kuchen-Durazno-Jumbo-V3-1-un.jpg?v=638776433485370000",
    "productUrl": "https://www.jumbo.cl/kuchen-durazno-jumbo-v3-1998334/p",
    "in_stock": true,
    "promo_text": null,
    "sku": "139523",
    "rating": 5,
    "description": null
  },
  {
    "id": "69952",
    "name": "Postre 3 Leches Artesanal 10 Porciones",
    "brand": "Jumbo Artesanal",
    "category": "panaderia-y-pasteleria",
    "price": 16990,
    "price_original": null,
    "currency": "CLP",
    "size": null,
    "unit_price": null,
    "image_url": "https://jumbocl.vteximg.com.br/arquivos/ids/309974-250-250/Postre-3-Leches-Artesanal-10-Porciones.jpg?v=638776390457670000",
    "productUrl": "https://www.jumbo.cl/postre-3-leches-artesanal/p",
    "in_stock": true,
    "promo_text": null,
    "sku": "69952",
    "rating": 4.4,
    "description": null
  },
  {
    "id": "53396",
    "name": "Pan Pita Integral Granel",
    "brand": "Cuisine & Co",
    "category": "panaderia-y-pasteleria",
    "price": 1645,
    "price_original": null,
    "currency": "CLP",
    "size": null,
    "unit_price": 3290,
    "image_url": "https://jumbocl.vteximg.com.br/arquivos/ids/359106-250-250/1704598-KG-01_52320.jpg?v=638776726874930000",
    "productUrl": "https://www.jumbo.cl/pan-pita-integral-jumbo-granel-mes-n-2/p",
    "in_stock": true,
    "promo_text": null,
    "sku": "53396",
    "rating": null,
    "description": null
  },
  {
    "id": "131907",
    "name": "Torta Panqueque Manjar Nuez 5 Porciones",
    "brand": "Tavelli",
    "category": "panaderia-y-pasteleria",
    "price": 14990,
    "price_original": null,
    "currency": "CLP",
    "size": null,
    "unit_price": null,
    "image_url": "https://jumbocl.vteximg.com.br/arquivos/ids/484552-250-250/Torta-Panqueque-Manjar-Nuez-5-Porciones.jpg?v=638892619058200000",
    "productUrl": "https://www.jumbo.cl/torta-tavelli-panqueque-manjar-nuez-ind-1975677/p",
    "in_stock": true,
    "promo_text": null,
    "sku": "131907",
    "rating": null,
    "description": null
  },
  {
    "id": "89974",
    "name": "Torta Panqueque manjar con almedras y mazapán 10 Porciones",
    "brand": "Las Bezanillas",
    "category": "panaderia-y-pasteleria",
    "price": 34990,
    "price_original": null,
    "currency": "CLP",
    "size": null,
    "unit_price": null,
    "image_url": "https://jumbocl.vteximg.com.br/arquivos/ids/312105-250-250/Torta-Panqueque-Manjar-Almendra-y-Mazapan.jpg?v=638776395626500000",
    "productUrl": "https://www.jumbo.cl/torta-rosario-10-personas/p",
    "in_stock": true,
    "promo_text": null,
    "sku": "89974",
    "rating": 5,
    "description": null
  },
  {
    "id": "87474",
    "name": "Torta Panqueque Naranja 10 Porciones",
    "brand": "Tavelli",
    "category": "panaderia-y-pasteleria",
    "price": 23990,
    "price_original": null,
    "currency": "CLP",
    "size": null,
    "unit_price": null,
    "image_url": "https://jumbocl.vteximg.com.br/arquivos/ids/311831-250-250/Torta-Panqueque-Tavelli-Naranja-10-Porciones.jpg?v=638776394760030000",
    "productUrl": "https://www.jumbo.cl/torta-panqueque-naranja-tavelli/p",
    "in_stock": true,
    "promo_text": null,
    "sku": "87474",
    "rating": 4,
    "description": null
  },
  {
    "id": "123156",
    "name": "Torta Mil Hoja Manjar 10 Porciones",
    "brand": "Las Bezanillas",
    "category": "panaderia-y-pasteleria",
    "price": 25990,
    "price_original": null,
    "currency": "CLP",
    "size": null,
    "unit_price": null,
    "image_url": "https://jumbocl.vteximg.com.br/arquivos/ids/318302-250-250/Torta-Mil-Hoja-Manjar-Med-Las-Bezanillas.jpg?v=638776413985800000",
    "productUrl": "https://www.jumbo.cl/torta-mil-hoja-manjar-med-las-bezanillas-1950035/p",
    "in_stock": true,
    "promo_text": null,
    "sku": "123156",
    "rating": 4,
    "description": null
  },
  {
    "id": "130038",
    "name": "Kuchen de Manzana Tavelli",
    "brand": "Tavelli",
    "category": "panaderia-y-pasteleria",
    "price": 17990,
    "price_original": null,
    "currency": "CLP",
    "size": null,
    "unit_price": null,
    "image_url": "https://jumbocl.vteximg.com.br/arquivos/ids/396199-250-250/KUCHEN-TAVELLI-DE-MANZANA.jpg?v=638776886090430000",
    "productUrl": "https://www.jumbo.cl/kuchen-tavelli-de-manzana-1966443/p",
    "in_stock": true,
    "promo_text": null,
    "sku": "130038",
    "rating": 5,
    "description": null
  },
  {
    "id": "200",
    "name": "Cheesecake Mousse New York Sabor Frambuesa 10-12 Porciones",
    "brand": "Cuisine & Co",
    "category": "panaderia-y-pasteleria",
    "price": 16990,
    "price_original": null,
    "currency": "CLP",
    "size": null,
    "unit_price": null,
    "image_url": "https://jumbocl.vteximg.com.br/arquivos/ids/297733-250-250/Cheesecake-New-York-Sabor-Frambuesa-10-12-Porciones.jpg?v=638775742697930000",
    "productUrl": "https://www.jumbo.cl/cheescake-new-york-jumbo-sabor-frambuesa-unid-2/p",
    "in_stock": true,
    "promo_text": null,
    "sku": "200",
    "rating": 3.4,
    "description": null
  },
  {
    "id": "39694",
    "name": "Torta Panqueque Manjar Nuez 10 Porciones",
    "brand": "Tavelli",
    "category": "panaderia-y-pasteleria",
    "price": 23990,
    "price_original": null,
    "currency": "CLP",
    "size": null,
    "unit_price": null,
    "image_url": "https://jumbocl.vteximg.com.br/arquivos/ids/307336-250-250/Torta-Panqueque-Tavelli-Manjar-Nuez-1-un.jpg?v=638776384447800000",
    "productUrl": "https://www.jumbo.cl/torta-panqueque-manjar-nuez-vainilla-tavelli/p",
    "in_stock": true,
    "promo_text": null,
    "sku": "39694",
    "rating": 4.9,
    "description": null
  },
  {
    "id": "8941",
    "name": "Pan Tapadito Castaño 350 g",
    "brand": "Castaño",
    "category": "panaderia-y-pasteleria",
    "price": 2690,
    "price_original": null,
    "currency": "CLP",
    "size": null,
    "unit_price": 7686,
    "image_url": "https://jumbocl.vteximg.com.br/arquivos/ids/445415-250-250/Pan-Tapadito-Casta%C3%B1o-350-g.jpg?v=638838834388230000",
    "productUrl": "https://www.jumbo.cl/pan-tapadito-castano-bolsa-350-g-32-unid/p",
    "in_stock": true,
    "promo_text": null,
    "sku": "8941",
    "rating": 4.2,
    "description": null
  },
  {
    "id": "113937",
    "name": "Bolsa Magdalena Buenas Migas Tres Leches 430 g",
    "brand": "Buenas Migas",
    "category": "panaderia-y-pasteleria",
    "price": 1832,
    "price_original": 2290,
    "currency": "CLP",
    "size": null,
    "unit_price": null,
    "image_url": "https://jumbocl.vteximg.com.br/arquivos/ids/315941-250-250/Bolsa-Magdalena-Buenas-Migas-Tres-Leches-430-g.jpg?v=638776406994370000",
    "productUrl": "https://www.jumbo.cl/magdalena-tres-leches-buenas-migas-1897980/p",
    "in_stock": true,
    "promo_text": "20% dcto.",
    "sku": "113937",
    "rating": 5,
    "description": null
  },
  {
    "id": "9224",
    "name": "Queque Frankfurt con Chocolate 8-10 Porciones",
    "brand": "Jumbo Artesanal",
    "category": "panaderia-y-pasteleria",
    "price": 7990,
    "price_original": null,
    "currency": "CLP",
    "size": null,
    "unit_price": 7990,
    "image_url": "https://jumbocl.vteximg.com.br/arquivos/ids/301090-250-250/Queque-Frankfurt-Con-Chocolate-8-10-Porciones.jpg?v=638776374522370000",
    "productUrl": "https://www.jumbo.cl/queque-frankfurt-jumbo-1-unid-masa-especial-c-2-2/p",
    "in_stock": true,
    "promo_text": null,
    "sku": "9224",
    "rating": 4.7,
    "description": null
  },
  {
    "id": "138389",
    "name": "Pie Limón 8-10 Porciones",
    "brand": "Cuisine & Co",
    "category": "panaderia-y-pasteleria",
    "price": 12990,
    "price_original": null,
    "currency": "CLP",
    "size": null,
    "unit_price": null,
    "image_url": "https://jumbocl.vteximg.com.br/arquivos/ids/432914-250-250/Pie-de-Limon-8-10-Porciones.jpg?v=638823176238800000",
    "productUrl": "https://www.jumbo.cl/pie-de-limon-8-10-porciones-1995718/p",
    "in_stock": true,
    "promo_text": null,
    "sku": "138389",
    "rating": 4.1,
    "description": null
  },
  {
    "id": "9114",
    "name": "Pan Pita Castaño Blanco 300 g 8 un.",
    "brand": "Castaño",
    "category": "panaderia-y-pasteleria",
    "price": 1590,
    "price_original": 1830,
    "currency": "CLP",
    "size": null,
    "unit_price": 5300,
    "image_url": "https://jumbocl.vteximg.com.br/arquivos/ids/445414-250-250/Pan-Pita-Casta%C3%B1o-Blanco-300-g-8-un.jpg?v=638838834370970000",
    "productUrl": "https://www.jumbo.cl/pan-pita-blanco-castano-bolsa-300-g-8-unid-2/p",
    "in_stock": true,
    "promo_text": null,
    "sku": "9114",
    "rating": 4.8,
    "description": null
  },
  {
    "id": "79527",
    "name": "Bagel Arándano 4 un.",
    "brand": "Cuisine & Co",
    "category": "panaderia-y-pasteleria",
    "price": 3990,
    "price_original": null,
    "currency": "CLP",
    "size": null,
    "unit_price": null,
    "image_url": "https://jumbocl.vteximg.com.br/arquivos/ids/364137-250-250/Bagel-arandano-4-unid-1-117148913.jpg?v=638776752388100000",
    "productUrl": "https://www.jumbo.cl/bagel-arandano-4-unid/p",
    "in_stock": true,
    "promo_text": null,
    "sku": "79527",
    "rating": 5,
    "description": null
  },
  {
    "id": "8974",
    "name": "Tarta de Arándano y Frambuesa",
    "brand": "Cuisine & Co",
    "category": "panaderia-y-pasteleria",
    "price": 14990,
    "price_original": null,
    "currency": "CLP",
    "size": null,
    "unit_price": null,
    "image_url": "https://jumbocl.vteximg.com.br/arquivos/ids/300979-250-250/Tarta-de-Arandano-y-Frambuesa.jpg?v=638776374314100000",
    "productUrl": "https://www.jumbo.cl/tarta-jumbo-arandano-frambuesa-2/p",
    "in_stock": true,
    "promo_text": null,
    "sku": "8974",
    "rating": 4.4,
    "description": null
  },
  {
    "id": "120527",
    "name": "Pan Molde Ideal Cero Cero Blanco 580 g",
    "brand": "Ideal",
    "category": "panaderia-y-pasteleria",
    "price": 2950,
    "price_original": null,
    "currency": "CLP",
    "size": null,
    "unit_price": 5086,
    "image_url": "https://jumbocl.vteximg.com.br/arquivos/ids/385653-250-250/Pan-Molde-Ideal-Cero-Cero-Blanco-580-g.jpg?v=638776845252600000",
    "productUrl": "https://www.jumbo.cl/pan-molde-ideal-cero-cero-blanco-580g-1940567/p",
    "in_stock": true,
    "promo_text": null,
    "sku": "120527",
    "rating": 4.9,
    "description": null
  },
  {
    "id": "144351",
    "name": "Torta DBT Panqueque Naranja 15 Porciones",
    "brand": "DBT's Sabores",
    "category": "panaderia-y-pasteleria",
    "price": 16990,
    "price_original": null,
    "currency": "CLP",
    "size": null,
    "unit_price": null,
    "image_url": "https://jumbocl.vteximg.com.br/arquivos/ids/340841-250-250/Torta-DBT-Panqueque-Naranja-15-Porciones.jpg?v=638776441063500000",
    "productUrl": "https://www.jumbo.cl/torta-dbt-panqueque-naranja-15p-2018116/p",
    "in_stock": true,
    "promo_text": null,
    "sku": "144351",
    "rating": null,
    "description": null
  },
  {
    "id": "88997",
    "name": "Pan Molde Dilici Blanco Sin Gluten 430 g",
    "brand": "Dilici",
    "category": "panaderia-y-pasteleria",
    "price": 4890,
    "price_original": null,
    "currency": "CLP",
    "size": null,
    "unit_price": 11372,
    "image_url": "https://jumbocl.vteximg.com.br/arquivos/ids/366898-250-250/Pan-molde-blanco-sin-gluten-430-g-1-123273090.jpg?v=638776765362500000",
    "productUrl": "https://www.jumbo.cl/pan-molde-blanco-sin-gluten-dilici-430gr/p",
    "in_stock": true,
    "promo_text": null,
    "sku": "88997",
    "rating": 5,
    "description": null
  },
  {
    "id": "9054",
    "name": "Pan Molde Vollkorn Centeno con Linaza 500 g",
    "brand": "Vollkorn",
    "category": "panaderia-y-pasteleria",
    "price": 3490,
    "price_original": null,
    "currency": "CLP",
    "size": null,
    "unit_price": 6980,
    "image_url": "https://jumbocl.vteximg.com.br/arquivos/ids/301167-250-250/Pan-de-molde-centeno-con-linaza-500-g.jpg?v=638776374596270000",
    "productUrl": "https://www.jumbo.cl/pan-de-molde-centeno-vollkorn-bolsa-500-g-con/p",
    "in_stock": true,
    "promo_text": null,
    "sku": "9054",
    "rating": 4.5,
    "description": null
  },
  {
    "id": "144993",
    "name": "Eclair Jumbo Pistacho 3 un.",
    "brand": "Jumbo Artesanal",
    "category": "panaderia-y-pasteleria",
    "price": 17970,
    "price_original": null,
    "currency": "CLP",
    "size": null,
    "unit_price": null,
    "image_url": "https://jumbocl.vteximg.com.br/arquivos/ids/430515-250-250/Eclair-Jumbo-Pistacho-3-un.jpg?v=638819684499970000",
    "productUrl": "https://www.jumbo.cl/eclair-pistacho-3u/p",
    "in_stock": true,
    "promo_text": null,
    "sku": "144993",
    "rating": 3,
    "description": null
  },
  {
    "id": "139518",
    "name": "Tarta Soft Manjar Nuez",
    "brand": "Jumbo Artesanal",
    "category": "panaderia-y-pasteleria",
    "price": 12990,
    "price_original": null,
    "currency": "CLP",
    "size": null,
    "unit_price": null,
    "image_url": "https://jumbocl.vteximg.com.br/arquivos/ids/512070-250-250/2002681-01_686385.jpg?v=638943438678970000",
    "productUrl": "https://www.jumbo.cl/tarta-soft-manjar-nuez-jumbo-v3-2002681/p",
    "in_stock": true,
    "promo_text": null,
    "sku": "139518",
    "rating": null,
    "description": null
  },
  {
    "id": "149684",
    "name": "Brownie Entrelagos Chocolate Nuez 248 g 4 un.",
    "brand": "Entrelagos",
    "category": "panaderia-y-pasteleria",
    "price": 3990,
    "price_original": null,
    "currency": "CLP",
    "size": null,
    "unit_price": 16089,
    "image_url": "https://jumbocl.vteximg.com.br/arquivos/ids/544290-250-250/Brownie-Entrelagos-Chocolate-Nuez-248-g-4-un.jpg?v=638992673239770000",
    "productUrl": "https://www.jumbo.cl/queque-brownie-4un-2039125/p",
    "in_stock": true,
    "promo_text": null,
    "sku": "149684",
    "rating": null,
    "description": null
  },
  {
    "id": "96687",
    "name": "Rollito Panqueque, Chocolate y Guinda",
    "brand": "Las Bezanillas",
    "category": "panaderia-y-pasteleria",
    "price": 13990,
    "price_original": null,
    "currency": "CLP",
    "size": null,
    "unit_price": null,
    "image_url": "https://jumbocl.vteximg.com.br/arquivos/ids/369453-250-250/Tentacion-Olivia.jpg?v=638776777409300000",
    "productUrl": "https://www.jumbo.cl/tentacion-olivia-las-bezanilla/p",
    "in_stock": true,
    "promo_text": null,
    "sku": "96687",
    "rating": 5,
    "description": null
  },
  {
    "id": "22787",
    "name": "Pan Centeno Mestemacher Orgánico con Semillas Girasol 500 g",
    "brand": "Mestemacher",
    "category": "panaderia-y-pasteleria",
    "price": 3290,
    "price_original": null,
    "currency": "CLP",
    "size": null,
    "unit_price": 6580,
    "image_url": "https://jumbocl.vteximg.com.br/arquivos/ids/304783-250-250/Pan-Centeno-organico-con-semillas-girasol-500-g.jpg?v=638776380533400000",
    "productUrl": "https://www.jumbo.cl/pan-organico-con-semillas-y-maravilla-mestemacher-500-g/p",
    "in_stock": true,
    "promo_text": null,
    "sku": "22787",
    "rating": 5,
    "description": null
  },
  {
    "id": "9231",
    "name": "Queque Kuchenmeister Marzipan Mazapán 400 g",
    "brand": "Kuchenmeister",
    "category": "panaderia-y-pasteleria",
    "price": 3790,
    "price_original": null,
    "currency": "CLP",
    "size": null,
    "unit_price": 9475,
    "image_url": "https://jumbocl.vteximg.com.br/arquivos/ids/301169-250-250/Queque-Marzipan-Kuchenmeister-sabor-mazapan-400-g.jpg?v=638776374598000000",
    "productUrl": "https://www.jumbo.cl/queque-kuchenmeister-bolsa-400-g-marzipan-sab/p",
    "in_stock": true,
    "promo_text": null,
    "sku": "9231",
    "rating": 4.8,
    "description": null
  },
  {
    "id": "139795",
    "name": "Pan Molde Fuchs Multigrano 350 g",
    "brand": "Fuchs",
    "category": "panaderia-y-pasteleria",
    "price": 1990,
    "price_original": 2390,
    "currency": "CLP",
    "size": null,
    "unit_price": 5686,
    "image_url": "https://jumbocl.vteximg.com.br/arquivos/ids/332842-250-250/Pan-Molde-Fuchs-Multigrano-350-g.jpg?v=638776434372630000",
    "productUrl": "https://www.jumbo.cl/tonico-diario-q-a-niacinamida-100ml-2002694/p",
    "in_stock": true,
    "promo_text": null,
    "sku": "139795",
    "rating": 5,
    "description": null
  },
  {
    "id": "22946",
    "name": "Waffles KuchenMeister 250 g",
    "brand": "Kuchenmeister",
    "category": "panaderia-y-pasteleria",
    "price": 2093,
    "price_original": 2990,
    "currency": "CLP",
    "size": null,
    "unit_price": 8372,
    "image_url": "https://jumbocl.vteximg.com.br/arquivos/ids/304793-250-250/Wafles-Kuchenmeister-250-g.jpg?v=638776380565200000",
    "productUrl": "https://www.jumbo.cl/wafles-kuchenmeister-250-g/p",
    "in_stock": true,
    "promo_text": "30% dcto.",
    "sku": "22946",
    "rating": 4.9,
    "description": null
  },
  {
    "id": "138391",
    "name": "Pie Frambuesa",
    "brand": "Jumbo Artesanal",
    "category": "panaderia-y-pasteleria",
    "price": 12990,
    "price_original": null,
    "currency": "CLP",
    "size": null,
    "unit_price": null,
    "image_url": "https://jumbocl.vteximg.com.br/arquivos/ids/432910-250-250/Pie-de-Frambuesa.jpg?v=638823176221870000",
    "productUrl": "https://www.jumbo.cl/pie-de-frambuesa-1995716/p",
    "in_stock": true,
    "promo_text": null,
    "sku": "138391",
    "rating": 5,
    "description": null
  },
  {
    "id": "112497",
    "name": "Brownie Vegano",
    "brand": "Jumbo Artesanal",
    "category": "panaderia-y-pasteleria",
    "price": 3990,
    "price_original": null,
    "currency": "CLP",
    "size": null,
    "unit_price": null,
    "image_url": "https://jumbocl.vteximg.com.br/arquivos/ids/315665-250-250/Brownie-Vegano.jpg?v=638776405949830000",
    "productUrl": "https://www.jumbo.cl/brownie-vegano-jumbo-artesanal-1892328/p",
    "in_stock": true,
    "promo_text": null,
    "sku": "112497",
    "rating": 4.4,
    "description": null
  },
  {
    "id": "138390",
    "name": "Pie Maracuyá Familiar",
    "brand": "Jumbo Artesanal",
    "category": "panaderia-y-pasteleria",
    "price": 12990,
    "price_original": null,
    "currency": "CLP",
    "size": null,
    "unit_price": null,
    "image_url": "https://jumbocl.vteximg.com.br/arquivos/ids/330005-250-250/PIE-MARACUYA-JUMBO.jpg?v=638776432121630000",
    "productUrl": "https://www.jumbo.cl/pie-de-maracuya-familiar-1995717/p",
    "in_stock": true,
    "promo_text": null,
    "sku": "138390",
    "rating": null,
    "description": null
  },
  {
    "id": "128460",
    "name": "Torta Panqueque Tavelli Lúcuma Manjar",
    "brand": "Tavelli",
    "category": "panaderia-y-pasteleria",
    "price": 23990,
    "price_original": null,
    "currency": "CLP",
    "size": null,
    "unit_price": null,
    "image_url": "https://jumbocl.vteximg.com.br/arquivos/ids/320097-250-250/Torta-Panqueque-Tavelli-Lucuma-Manjar.jpg?v=638776418667200000",
    "productUrl": "https://www.jumbo.cl/torta-panqueque-lucuma-manjar-tavelli-1966444/p",
    "in_stock": true,
    "promo_text": null,
    "sku": "128460",
    "rating": 5,
    "description": null
  },
  {
    "id": "104384",
    "name": "Mini Quequitos Pulmahue Chips de Chocolate 225 g",
    "brand": "Pulmahue",
    "category": "panaderia-y-pasteleria",
    "price": 2390,
    "price_original": null,
    "currency": "CLP",
    "size": null,
    "unit_price": null,
    "image_url": "https://jumbocl.vteximg.com.br/arquivos/ids/374667-250-250/MINI-QUEQUE-CHOC.jpg?v=638776800323470000",
    "productUrl": "https://www.jumbo.cl/mini-quequitos-chips-chocolate-pulmahue-1895045/p",
    "in_stock": true,
    "promo_text": null,
    "sku": "104384",
    "rating": 4.3,
    "description": null
  },
  {
    "id": "88998",
    "name": "Pan Molde Dilici Noir Sin Gluten 430 g",
    "brand": "Dilici",
    "category": "panaderia-y-pasteleria",
    "price": 4890,
    "price_original": null,
    "currency": "CLP",
    "size": null,
    "unit_price": 11372,
    "image_url": "https://jumbocl.vteximg.com.br/arquivos/ids/366900-250-250/Pan-molde-noir-sin-gluten-430-g-1-123273091.jpg?v=638776765365130000",
    "productUrl": "https://www.jumbo.cl/pan-molde-noir-sin-gluten-dilici-430gr/p",
    "in_stock": true,
    "promo_text": null,
    "sku": "88998",
    "rating": 5,
    "description": null
  },
  {
    "id": "22947",
    "name": "Waffles Kuchenmeister 165 g",
    "brand": "Kuchenmeister",
    "category": "panaderia-y-pasteleria",
    "price": 1673,
    "price_original": 2390,
    "currency": "CLP",
    "size": null,
    "unit_price": 10139,
    "image_url": "https://jumbocl.vteximg.com.br/arquivos/ids/304799-250-250/Waffles-165-g.jpg?v=638776380592930000",
    "productUrl": "https://www.jumbo.cl/waffles-kuchenmeister-165-g/p",
    "in_stock": true,
    "promo_text": "30% dcto.",
    "sku": "22947",
    "rating": 5,
    "description": null
  },
  {
    "id": "86938",
    "name": "Mini Tortilla de Maíz Saniito Sin Gluten 24 un.",
    "brand": "Saniito",
    "category": "panaderia-y-pasteleria",
    "price": 2890,
    "price_original": null,
    "currency": "CLP",
    "size": null,
    "unit_price": 12042,
    "image_url": "https://jumbocl.vteximg.com.br/arquivos/ids/365885-250-250/Mini-tortilla-de-maiz-sin-gluten-24-un.jpg?v=638776761018530000",
    "productUrl": "https://www.jumbo.cl/tortilla-de-maiz-9-cms-24-un/p",
    "in_stock": true,
    "promo_text": null,
    "sku": "86938",
    "rating": 4.6,
    "description": null
  },
  {
    "id": "73994",
    "name": "Pan Hallulla Bredenmaster Especial 30 un.",
    "brand": "Bredenmaster",
    "category": "panaderia-y-pasteleria",
    "price": 6690,
    "price_original": null,
    "currency": "CLP",
    "size": null,
    "unit_price": null,
    "image_url": "https://jumbocl.vteximg.com.br/arquivos/ids/362762-250-250/Pan-hallulla-especial-30-un.jpg?v=638776744768100000",
    "productUrl": "https://www.jumbo.cl/hallulla-especial-home-bakery-bredenmaster-30-unid/p",
    "in_stock": true,
    "promo_text": null,
    "sku": "73994",
    "rating": 5,
    "description": null
  },
  {
    "id": "9301",
    "name": "Postre Bizcocho Chocolate, Crema y Manjar",
    "brand": "Pastelería Jumbo",
    "category": "panaderia-y-pasteleria",
    "price": 12990,
    "price_original": null,
    "currency": "CLP",
    "size": null,
    "unit_price": null,
    "image_url": "https://jumbocl.vteximg.com.br/arquivos/ids/301174-250-250/Postre-Bizcocho-Chocolate-Crema-y-Manjar.jpg?v=638776374604230000",
    "productUrl": "https://www.jumbo.cl/torta-postre-manjarate-jumbo-15-porciones/p",
    "in_stock": true,
    "promo_text": null,
    "sku": "9301",
    "rating": 4.1,
    "description": null
  },
  {
    "id": "9329",
    "name": "Tortillas Tía Rosa Pack Fiesta 24 un.",
    "brand": "Tía Rosa",
    "category": "panaderia-y-pasteleria",
    "price": 3920,
    "price_original": null,
    "currency": "CLP",
    "size": null,
    "unit_price": 6533,
    "image_url": "https://jumbocl.vteximg.com.br/arquivos/ids/301045-250-250/Tortillas-Tia-Rosa-Pack-Fiesta-24-un.jpg?v=638776374422900000",
    "productUrl": "https://www.jumbo.cl/tortillas-mexicanas-tia-rosa-24-unid-pack-fie/p",
    "in_stock": true,
    "promo_text": null,
    "sku": "9329",
    "rating": 4.7,
    "description": null
  },
  {
    "id": "29017",
    "name": "Pan Hallulla Pilmayquen 480 g 10 un.",
    "brand": "Pilmayquen",
    "category": "panaderia-y-pasteleria",
    "price": 2650,
    "price_original": null,
    "currency": "CLP",
    "size": null,
    "unit_price": 5521,
    "image_url": "https://jumbocl.vteximg.com.br/arquivos/ids/306610-250-250/Pan-Hallulla-Pilmayquen-480-g-10-un.jpg?v=638776382725070000",
    "productUrl": "https://www.jumbo.cl/pan-hallulla-pilmayquen-10-unid-480-g/p",
    "in_stock": true,
    "promo_text": null,
    "sku": "29017",
    "rating": null,
    "description": null
  },
  {
    "id": "97800",
    "name": "Cheesecake Frambuesa, Manjar y Chocolate Tradicional",
    "brand": "Del Monte",
    "category": "panaderia-y-pasteleria",
    "price": 17990,
    "price_original": null,
    "currency": "CLP",
    "size": null,
    "unit_price": null,
    "image_url": "https://jumbocl.vteximg.com.br/arquivos/ids/370013-250-250/Cheesecake-4-Estaciones-10-porciones.jpg?v=638776780078530000",
    "productUrl": "https://www.jumbo.cl/cheesecake-4-estaciones-del-monte-1856978/p",
    "in_stock": true,
    "promo_text": null,
    "sku": "97800",
    "rating": 4.2,
    "description": null
  },
  {
    "id": "95776",
    "name": "Stollen Mazapán 750 g",
    "brand": "Kuchenmeister",
    "category": "panaderia-y-pasteleria",
    "price": 8290,
    "price_original": null,
    "currency": "CLP",
    "size": null,
    "unit_price": 11053,
    "image_url": "https://jumbocl.vteximg.com.br/arquivos/ids/538106-250-250/Stollen-Mazapan-750-g.jpg?v=638984627763230000",
    "productUrl": "https://www.jumbo.cl/stollen-kuchenmeister-marzipan-750g/p",
    "in_stock": true,
    "promo_text": "Paga $5.803",
    "sku": "95776",
    "rating": 5,
    "description": null
  },
  {
    "id": "100346",
    "name": "Pan Molde Vollkorn Blanco Sin Orillas 405 g",
    "brand": "Vollkorn",
    "category": "panaderia-y-pasteleria",
    "price": 3750,
    "price_original": null,
    "currency": "CLP",
    "size": null,
    "unit_price": 9259,
    "image_url": "https://jumbocl.vteximg.com.br/arquivos/ids/313511-250-250/Pan-molde-blanco-sin-orillas-405-g.jpg?v=638776399816270000",
    "productUrl": "https://www.jumbo.cl/molde-blanco-sin-orilla-vollkorn-405-g-1869276/p",
    "in_stock": true,
    "promo_text": null,
    "sku": "100346",
    "rating": 4.3,
    "description": null
  },
  {
    "id": "149334",
    "name": "Torta Del Monte Mil Hojas Guinda",
    "brand": "Del Monte",
    "category": "panaderia-y-pasteleria",
    "price": 17990,
    "price_original": null,
    "currency": "CLP",
    "size": null,
    "unit_price": null,
    "image_url": "https://jumbocl.vteximg.com.br/arquivos/ids/437821-250-250/Torta-Del-Monte-Mil-Hojas-Guinda.jpg?v=638831039701230000",
    "productUrl": "https://www.jumbo.cl/torta-mil-h-guinda-2032038/p",
    "in_stock": true,
    "promo_text": null,
    "sku": "149334",
    "rating": null,
    "description": null
  },
  {
    "id": "107808",
    "name": "Tentación Rosario Panqueque, Manjar, Almendras y Mazapán",
    "brand": "Las Bezanillas",
    "category": "panaderia-y-pasteleria",
    "price": 13990,
    "price_original": null,
    "currency": "CLP",
    "size": null,
    "unit_price": null,
    "image_url": "https://jumbocl.vteximg.com.br/arquivos/ids/315078-250-250/Tentacion-Rosario-Panqueque-Manjar-Almendras-y-Mazapan.jpg?v=638776403739800000",
    "productUrl": "https://www.jumbo.cl/tentacion-rosario-las-bezanillas-1900142/p",
    "in_stock": true,
    "promo_text": null,
    "sku": "107808",
    "rating": 5,
    "description": null
  },
  {
    "id": "41196",
    "name": "Pan Pita Castaño Chía Linaza 300 g",
    "brand": "Castaño",
    "category": "panaderia-y-pasteleria",
    "price": 1590,
    "price_original": 1830,
    "currency": "CLP",
    "size": null,
    "unit_price": null,
    "image_url": "https://jumbocl.vteximg.com.br/arquivos/ids/307300-250-250/Pan-Pita-Casta%C3%B1o-Chia-Linaza-300-g.jpg?v=638776384288100000",
    "productUrl": "https://www.jumbo.cl/pan-pita-castano-chia-linaza-300-g/p",
    "in_stock": true,
    "promo_text": null,
    "sku": "41196",
    "rating": 4.8,
    "description": null
  },
  {
    "id": "47702",
    "name": "Mini Muffins KuchenMeister Mármol 255 g",
    "brand": "Kuchenmeister",
    "category": "panaderia-y-pasteleria",
    "price": 2490,
    "price_original": 3490,
    "currency": "CLP",
    "size": null,
    "unit_price": 9765,
    "image_url": "https://jumbocl.vteximg.com.br/arquivos/ids/307998-250-250/Mini-muffins-Kuchenmeister-marmol-255-g.jpg?v=638776385869130000",
    "productUrl": "https://www.jumbo.cl/mini-muffins-kuchenmeister-marmol-255-g/p",
    "in_stock": true,
    "promo_text": null,
    "sku": "47702",
    "rating": 5,
    "description": null
  },
  {
    "id": "139419",
    "name": "Pan Molde Blanco 1 kg",
    "brand": "Jumbo Artesanal",
    "category": "panaderia-y-pasteleria",
    "price": 2490,
    "price_original": 3490,
    "currency": "CLP",
    "size": null,
    "unit_price": 2490,
    "image_url": "https://jumbocl.vteximg.com.br/arquivos/ids/331739-250-250/Pan-de-Molde-Blanco-Jumbo-Artesanal-1-kg.jpg?v=638776433413570000",
    "productUrl": "https://www.jumbo.cl/molde-blanco-jumbo-artesanal-1kg-2000954/p",
    "in_stock": true,
    "promo_text": null,
    "sku": "139419",
    "rating": 5,
    "description": null
  },
  {
    "id": "89975",
    "name": "Torta Hojarasca, Dulce de Leche, Huevo Moll y Manjar 10 Porciones",
    "brand": "Las Bezanillas",
    "category": "panaderia-y-pasteleria",
    "price": 31990,
    "price_original": null,
    "currency": "CLP",
    "size": null,
    "unit_price": null,
    "image_url": "https://jumbocl.vteximg.com.br/arquivos/ids/312113-250-250/Torta-Hojarasca-Dulce-de-Leche-Huevo-Moll-y-Manjar.jpg?v=638776395656500000",
    "productUrl": "https://www.jumbo.cl/torta-mil-hojas-10-personas/p",
    "in_stock": true,
    "promo_text": null,
    "sku": "89975",
    "rating": 4.9,
    "description": null
  },
  {
    "id": "147663",
    "name": "Masa Doblada Integral 6 un.",
    "brand": "Cuisine & Co",
    "category": "panaderia-y-pasteleria",
    "price": 2290,
    "price_original": null,
    "currency": "CLP",
    "size": null,
    "unit_price": null,
    "image_url": "https://jumbocl.vteximg.com.br/arquivos/ids/520078-250-250/Masa-Doblada-Integral-6-un.jpg?v=638950957311730000",
    "productUrl": "https://www.jumbo.cl/doblada-integral-atm-c-and-co-6-un-2002867/p",
    "in_stock": true,
    "promo_text": "3 por 2 a $4.580",
    "sku": "147663",
    "rating": null,
    "description": null
  },
  {
    "id": "22789",
    "name": "Pan Mestemacher Línea Ligera 500 g",
    "brand": "Mestemacher",
    "category": "panaderia-y-pasteleria",
    "price": 2890,
    "price_original": null,
    "currency": "CLP",
    "size": null,
    "unit_price": 5780,
    "image_url": "https://jumbocl.vteximg.com.br/arquivos/ids/304794-250-250/Pan-linea-ligera-500-g.jpg?v=638776380567870000",
    "productUrl": "https://www.jumbo.cl/pan-integral-centeno-y-avena-mestemacher-500-g/p",
    "in_stock": true,
    "promo_text": null,
    "sku": "22789",
    "rating": 4.5,
    "description": null
  },
  {
    "id": "9328",
    "name": "Tortillas Burrera Tía Rosa 8 un.",
    "brand": "Tía Rosa",
    "category": "panaderia-y-pasteleria",
    "price": 2790,
    "price_original": null,
    "currency": "CLP",
    "size": null,
    "unit_price": 6975,
    "image_url": "https://jumbocl.vteximg.com.br/arquivos/ids/301029-250-250/Tortillas-Burrera-Tia-Rosa-8-un.jpg?v=638776374394700000",
    "productUrl": "https://www.jumbo.cl/tortilla-burrera-tia-rosa-bolsa-350-g-8-unid/p",
    "in_stock": true,
    "promo_text": null,
    "sku": "9328",
    "rating": 4.8,
    "description": null
  },
  {
    "id": "100599",
    "name": "Ciabatta Rústica Cuisine & Co Precocido 6 un.",
    "brand": "Cuisine & Co",
    "category": "panaderia-y-pasteleria",
    "price": 3490,
    "price_original": null,
    "currency": "CLP",
    "size": null,
    "unit_price": null,
    "image_url": "https://jumbocl.vteximg.com.br/arquivos/ids/313531-250-250/Ciabatta-Rustica-Cuisine---Co-Precocido-6-un.jpg?v=638776399856300000",
    "productUrl": "https://www.jumbo.cl/pan-rustico-precocido-6-un-cuisine-and-co-1864599/p",
    "in_stock": true,
    "promo_text": "3 por 2 a $6.980",
    "sku": "100599",
    "rating": 4.7,
    "description": null
  },
  {
    "id": "131905",
    "name": "Kuchen de Membrillo Crostata",
    "brand": "Crostata",
    "category": "panaderia-y-pasteleria",
    "price": 8990,
    "price_original": null,
    "currency": "CLP",
    "size": null,
    "unit_price": null,
    "image_url": "https://jumbocl.vteximg.com.br/arquivos/ids/398875-250-250/KUCHEN-DE-MEMBRILLO-CROSTATA.jpg?v=638776895763030000",
    "productUrl": "https://www.jumbo.cl/kuchen-de-membrillo-crostata-1975242/p",
    "in_stock": true,
    "promo_text": null,
    "sku": "131905",
    "rating": 4.5,
    "description": null
  },
  {
    "id": "139520",
    "name": "Kuchen Manzana Stroissel 1 un.",
    "brand": "Cuisine & Co",
    "category": "panaderia-y-pasteleria",
    "price": 12990,
    "price_original": null,
    "currency": "CLP",
    "size": null,
    "unit_price": null,
    "image_url": "https://jumbocl.vteximg.com.br/arquivos/ids/332332-250-250/Kuchen-Manzana-Stroissel-Jumbo-1-un.jpg?v=638776433971370000",
    "productUrl": "https://www.jumbo.cl/kuchen-manzana-stroissel-jumbo-v3-1998331/p",
    "in_stock": true,
    "promo_text": null,
    "sku": "139520",
    "rating": 3.5,
    "description": null
  },
  {
    "id": "9019",
    "name": "Pan Molde Castaño Integral 400 g",
    "brand": "Castaño",
    "category": "panaderia-y-pasteleria",
    "price": 1790,
    "price_original": null,
    "currency": "CLP",
    "size": null,
    "unit_price": 4475,
    "image_url": "https://jumbocl.vteximg.com.br/arquivos/ids/445410-250-250/Pan-Molde-Casta%C3%B1o-Integral-400-g.jpg?v=638838834352170000",
    "productUrl": "https://www.jumbo.cl/pan-de-molde-integral-castano-bolsa-400-g/p",
    "in_stock": true,
    "promo_text": null,
    "sku": "9019",
    "rating": 4.7,
    "description": null
  },
  {
    "id": "121283",
    "name": "Torta de Coco Sin Azúcar y Sin Gluten 10 Porciones",
    "brand": "Alea",
    "category": "panaderia-y-pasteleria",
    "price": 20990,
    "price_original": null,
    "currency": "CLP",
    "size": null,
    "unit_price": null,
    "image_url": "https://jumbocl.vteximg.com.br/arquivos/ids/317522-250-250/Torta-de-Coco-Alea-Sin-Azucar-y-Sin-Gluten.jpg?v=638776412433130000",
    "productUrl": "https://www.jumbo.cl/torta-coco-ganachchoco-s-az-y-s-glu-alea-1938818/p",
    "in_stock": true,
    "promo_text": null,
    "sku": "121283",
    "rating": 4.3,
    "description": null
  },
  {
    "id": "135759",
    "name": "Torta Galleta, Manjar y Frambuesas 12 Porciones",
    "brand": "Cuisine & Co",
    "category": "panaderia-y-pasteleria",
    "price": 16990,
    "price_original": null,
    "currency": "CLP",
    "size": null,
    "unit_price": null,
    "image_url": "https://jumbocl.vteximg.com.br/arquivos/ids/325147-250-250/Torta-Caluga-Frambuesa-Congelada.jpg?v=638776428165570000",
    "productUrl": "https://www.jumbo.cl/torta-caluga-frambuesa-1989488/p",
    "in_stock": true,
    "promo_text": null,
    "sku": "135759",
    "rating": 4.3,
    "description": null
  },
  {
    "id": "79528",
    "name": "Bagel Tradicional 4 un.",
    "brand": "Cuisine & Co",
    "category": "panaderia-y-pasteleria",
    "price": 3990,
    "price_original": null,
    "currency": "CLP",
    "size": null,
    "unit_price": null,
    "image_url": "https://jumbocl.vteximg.com.br/arquivos/ids/364144-250-250/Bagel-tradicional-4-unid-1-117148914.jpg?v=638776752425900000",
    "productUrl": "https://www.jumbo.cl/bagel-tradicional-4-unid/p",
    "in_stock": true,
    "promo_text": null,
    "sku": "79528",
    "rating": 4.8,
    "description": null
  },
  {
    "id": "9080",
    "name": "Pan Campo 5 Granos Granel",
    "brand": "Jumbo Artesanal",
    "category": "panaderia-y-pasteleria",
    "price": 2590,
    "price_original": null,
    "currency": "CLP",
    "size": null,
    "unit_price": 5756,
    "image_url": "https://jumbocl.vteximg.com.br/arquivos/ids/301053-250-250/Pan-Campo-5-Granos-Granel.jpg?v=638776374440430000",
    "productUrl": "https://www.jumbo.cl/pan-campo-rustico-jumbo-con-semillas-1-unidad-2/p",
    "in_stock": true,
    "promo_text": null,
    "sku": "9080",
    "rating": 4,
    "description": null
  },
  {
    "id": "9225",
    "name": "Queque Frankfurt con Crema Pastelera",
    "brand": "Jumbo Artesanal",
    "category": "panaderia-y-pasteleria",
    "price": 7990,
    "price_original": null,
    "currency": "CLP",
    "size": null,
    "unit_price": 7990,
    "image_url": "https://jumbocl.vteximg.com.br/arquivos/ids/301121-250-250/Queque-Frankfurt-con-crema-pastelera.jpg?v=638776374562070000",
    "productUrl": "https://www.jumbo.cl/queque-frankfurt-jumbo-crema-pastelera-masa-e-2-2/p",
    "in_stock": true,
    "promo_text": null,
    "sku": "9225",
    "rating": null,
    "description": null
  },
  {
    "id": "139798",
    "name": "Pan Molde Fuchs Linaza Chia 350 g",
    "brand": "Fuchs",
    "category": "panaderia-y-pasteleria",
    "price": 1990,
    "price_original": 2390,
    "currency": "CLP",
    "size": null,
    "unit_price": 5686,
    "image_url": "https://jumbocl.vteximg.com.br/arquivos/ids/332960-250-250/Pan-Molde-Fuchs-Linaza-Chia-350-g.jpg?v=638776434471900000",
    "productUrl": "https://www.jumbo.cl/cr-trat-dazz-crece-fuerte-190ml-2003312/p",
    "in_stock": true,
    "promo_text": null,
    "sku": "139798",
    "rating": null,
    "description": null
  },
  {
    "id": "139417",
    "name": "Pan Molde Wholegrain 1 kg",
    "brand": "Jumbo Artesanal",
    "category": "panaderia-y-pasteleria",
    "price": 2490,
    "price_original": 3490,
    "currency": "CLP",
    "size": null,
    "unit_price": 2490,
    "image_url": "https://jumbocl.vteximg.com.br/arquivos/ids/331660-250-250/Pan-de-Molde-Wholegrain-Jumbo-Artesanal-1-kg.jpg?v=638776433342670000",
    "productUrl": "https://www.jumbo.cl/molde-wholegrain-jumbo-artesanal-1kg-2000953/p",
    "in_stock": true,
    "promo_text": null,
    "sku": "139417",
    "rating": 4.9,
    "description": null
  },
  {
    "id": "69938",
    "name": "Pan Pita Kingsbury Perfecto 300 g 8 un.",
    "brand": "Kingsbury",
    "category": "panaderia-y-pasteleria",
    "price": 1990,
    "price_original": 2250,
    "currency": "CLP",
    "size": null,
    "unit_price": 6633,
    "image_url": "https://jumbocl.vteximg.com.br/arquivos/ids/309961-250-250/Pan-Pita-Kingsbury-Perfecto-300-g-8-un.jpg?v=638776390396330000",
    "productUrl": "https://www.jumbo.cl/pan-pita-kingsbury-perfecto-8-unid-300-g/p",
    "in_stock": true,
    "promo_text": null,
    "sku": "69938",
    "rating": 4.5,
    "description": null
  },
  {
    "id": "82610",
    "name": "Tapas Pascualinas Cuisine & Co 400 g",
    "brand": "Cuisine & Co",
    "category": "panaderia-y-pasteleria",
    "price": 3390,
    "price_original": null,
    "currency": "CLP",
    "size": null,
    "unit_price": 8475,
    "image_url": "https://jumbocl.vteximg.com.br/arquivos/ids/364991-250-250/Tapas-pascualinas-400-g.jpg?v=638776756803630000",
    "productUrl": "https://www.jumbo.cl/tapas-pascualinas-400-g-cuisine-and-co-1802695/p",
    "in_stock": true,
    "promo_text": null,
    "sku": "82610",
    "rating": 4.5,
    "description": null
  },
  {
    "id": "121285",
    "name": "Torta Keto Mil Capas 10 Porciones",
    "brand": "Alea",
    "category": "panaderia-y-pasteleria",
    "price": 24990,
    "price_original": null,
    "currency": "CLP",
    "size": null,
    "unit_price": null,
    "image_url": "https://jumbocl.vteximg.com.br/arquivos/ids/317431-250-250/Torta-Keto-Mil-Capas.jpg?v=638776411976930000",
    "productUrl": "https://www.jumbo.cl/torta-keto-s-az-s-lac-y-s-glu-alea-1938820/p",
    "in_stock": true,
    "promo_text": null,
    "sku": "121285",
    "rating": 1.7,
    "description": null
  },
  {
    "id": "107821",
    "name": "Tentación Mazapán de Nuez",
    "brand": "Las Bezanillas",
    "category": "panaderia-y-pasteleria",
    "price": 13990,
    "price_original": null,
    "currency": "CLP",
    "size": null,
    "unit_price": null,
    "image_url": "https://jumbocl.vteximg.com.br/arquivos/ids/314955-250-250/Tentacion-Mazapan-de-Nuez.jpg?v=638776403328400000",
    "productUrl": "https://www.jumbo.cl/tentacion-mazapan-de-nuez-las-bezanillas-1900143/p",
    "in_stock": true,
    "promo_text": null,
    "sku": "107821",
    "rating": 5,
    "description": null
  },
  {
    "id": "121874",
    "name": "Pie de Limón Artesanal Crostata",
    "brand": "Crostata",
    "category": "panaderia-y-pasteleria",
    "price": 8990,
    "price_original": null,
    "currency": "CLP",
    "size": null,
    "unit_price": null,
    "image_url": "https://jumbocl.vteximg.com.br/arquivos/ids/387551-250-250/PIE-DE-LIMON-ARTESANAL-CROSTATA.jpg?v=638776852149700000",
    "productUrl": "https://www.jumbo.cl/pie-de-limon-artesanal-crostata-1937137/p",
    "in_stock": true,
    "promo_text": null,
    "sku": "121874",
    "rating": 2.8,
    "description": null
  },
  {
    "id": "139536",
    "name": "Corona 1 un.",
    "brand": "Jumbo Artesanal",
    "category": "panaderia-y-pasteleria",
    "price": 2490,
    "price_original": null,
    "currency": "CLP",
    "size": null,
    "unit_price": null,
    "image_url": "https://jumbocl.vteximg.com.br/arquivos/ids/481733-250-250/Corona-1-un-%7C-Elaborado-en-Jumbo.jpg?v=638882002387770000",
    "productUrl": "https://www.jumbo.cl/corona-jumbo-un-1965049/p",
    "in_stock": true,
    "promo_text": null,
    "sku": "139536",
    "rating": 3.8,
    "description": null
  },
  {
    "id": "141050",
    "name": "Torta Vegana Almendra un.",
    "brand": "Jumbo Artesanal",
    "category": "panaderia-y-pasteleria",
    "price": 19990,
    "price_original": null,
    "currency": "CLP",
    "size": null,
    "unit_price": null,
    "image_url": "https://jumbocl.vteximg.com.br/arquivos/ids/335127-250-250/Torta-Vegana-Almendra-Jumbo-un.jpg?v=638776436157930000",
    "productUrl": "https://www.jumbo.cl/torta-vegana-almendra-jumbo-un-2006057/p",
    "in_stock": true,
    "promo_text": null,
    "sku": "141050",
    "rating": 4.8,
    "description": null
  },
  {
    "id": "138008",
    "name": "Pan Molde Bauducco Blanco 390 g",
    "brand": "Bauducco",
    "category": "panaderia-y-pasteleria",
    "price": 1490,
    "price_original": 1990,
    "currency": "CLP",
    "size": null,
    "unit_price": 3821,
    "image_url": "https://jumbocl.vteximg.com.br/arquivos/ids/328491-250-250/MOLDE-BAUD-BCO-390.jpg?v=638776430966430000",
    "productUrl": "https://www.jumbo.cl/pan-de-molde-bauducco-blanco-390-g/p",
    "in_stock": true,
    "promo_text": null,
    "sku": "138008",
    "rating": 4,
    "description": null
  },
  {
    "id": "141052",
    "name": "Torta Vegana Mix Tropical un.",
    "brand": "Jumbo Artesanal",
    "category": "panaderia-y-pasteleria",
    "price": 19990,
    "price_original": null,
    "currency": "CLP",
    "size": null,
    "unit_price": null,
    "image_url": "https://jumbocl.vteximg.com.br/arquivos/ids/335202-250-250/Torta-Vegana-Mix-Tropical-Jumbo-un.jpg?v=638776436229970000",
    "productUrl": "https://www.jumbo.cl/torta-vegana-mix-tropical-jumbo-un-2005181/p",
    "in_stock": true,
    "promo_text": null,
    "sku": "141052",
    "rating": 5,
    "description": null
  },
  {
    "id": "121284",
    "name": "Torta Chocolate Alea Keto 10 Porciones",
    "brand": "Alea",
    "category": "panaderia-y-pasteleria",
    "price": 24990,
    "price_original": null,
    "currency": "CLP",
    "size": null,
    "unit_price": null,
    "image_url": "https://jumbocl.vteximg.com.br/arquivos/ids/317427-250-250/Torta-Chocolate-Alea-Keto.jpg?v=638776411944300000",
    "productUrl": "https://www.jumbo.cl/torta-chocoketo-s-az-s-lac-y-s-glu-alea-1938819/p",
    "in_stock": true,
    "promo_text": null,
    "sku": "121284",
    "rating": 1,
    "description": null
  },
  {
    "id": "9235",
    "name": "Queque Kuchenmeister Frutas Confitadas 400 g",
    "brand": "Kuchenmeister",
    "category": "panaderia-y-pasteleria",
    "price": 3790,
    "price_original": null,
    "currency": "CLP",
    "size": null,
    "unit_price": 9475,
    "image_url": "https://jumbocl.vteximg.com.br/arquivos/ids/301257-250-250/Queque-Frutas-Confitadas-Kuchenmeister-400-g.jpg?v=638776374711700000",
    "productUrl": "https://www.jumbo.cl/queque-frutas-confitadas-kuchenmeister-400-g/p",
    "in_stock": true,
    "promo_text": null,
    "sku": "9235",
    "rating": 5,
    "description": null
  },
  {
    "id": "79530",
    "name": "Bagel Amapola 4 un.",
    "brand": "Cuisine & Co",
    "category": "panaderia-y-pasteleria",
    "price": 3990,
    "price_original": null,
    "currency": "CLP",
    "size": null,
    "unit_price": null,
    "image_url": "https://jumbocl.vteximg.com.br/arquivos/ids/364141-250-250/Bagel-amapola-4-unid-1-117148916.jpg?v=638776752420430000",
    "productUrl": "https://www.jumbo.cl/bagel-amapola-4-unid/p",
    "in_stock": true,
    "promo_text": null,
    "sku": "79530",
    "rating": 5,
    "description": null
  },
  {
    "id": "126778",
    "name": "Torta Discos de Merengue Lúcuma 15 Porciones",
    "brand": "Cuisine & Co",
    "category": "panaderia-y-pasteleria",
    "price": 20990,
    "price_original": null,
    "currency": "CLP",
    "size": null,
    "unit_price": null,
    "image_url": "https://jumbocl.vteximg.com.br/arquivos/ids/319130-250-250/Torta-Merengue-Lucuma.jpg?v=638776416696670000",
    "productUrl": "https://www.jumbo.cl/torta-merengue-lucuma-jumbo-v3-1949824/p",
    "in_stock": true,
    "promo_text": null,
    "sku": "126778",
    "rating": 5,
    "description": null
  },
  {
    "id": "104386",
    "name": "Mini Quequitos Pulmahue Vainilla 225 g",
    "brand": "Pulmahue",
    "category": "panaderia-y-pasteleria",
    "price": 2290,
    "price_original": null,
    "currency": "CLP",
    "size": null,
    "unit_price": null,
    "image_url": "https://jumbocl.vteximg.com.br/arquivos/ids/374669-250-250/MINI-QUEQUE-VAIN.jpg?v=638776800324570000",
    "productUrl": "https://www.jumbo.cl/mini-quequitos-vainilla-pulmahue-1895046/p",
    "in_stock": true,
    "promo_text": null,
    "sku": "104386",
    "rating": 5,
    "description": null
  },
  {
    "id": "112496",
    "name": "Queque Vegano Coco",
    "brand": "Jumbo Artesanal",
    "category": "panaderia-y-pasteleria",
    "price": 3990,
    "price_original": null,
    "currency": "CLP",
    "size": null,
    "unit_price": null,
    "image_url": "https://jumbocl.vteximg.com.br/arquivos/ids/315661-250-250/Queque-Vegano-Coco.jpg?v=638776405921500000",
    "productUrl": "https://www.jumbo.cl/queque-vegano-coco-jumbo-artesanal-1892329/p",
    "in_stock": true,
    "promo_text": null,
    "sku": "112496",
    "rating": 4.5,
    "description": null
  },
  {
    "id": "54986",
    "name": "Tortillas Grandota Tía Rosa XXL 620 g 8 un.",
    "brand": "Tía Rosa",
    "category": "panaderia-y-pasteleria",
    "price": 3790,
    "price_original": null,
    "currency": "CLP",
    "size": null,
    "unit_price": 6113,
    "image_url": "https://jumbocl.vteximg.com.br/arquivos/ids/308546-250-250/Tortillas-Grandota-Tia-Rosa-XXL-620-g-8-un.jpg?v=638776387138400000",
    "productUrl": "https://www.jumbo.cl/tortilla-grandota-620g-tia-rosa/p",
    "in_stock": true,
    "promo_text": null,
    "sku": "54986",
    "rating": 4.7,
    "description": null
  },
  {
    "id": "127227",
    "name": "Tortilla Finas Hierbas 8 un.",
    "brand": "Cuisine & Co",
    "category": "panaderia-y-pasteleria",
    "price": 890,
    "price_original": 1390,
    "currency": "CLP",
    "size": null,
    "unit_price": null,
    "image_url": "https://jumbocl.vteximg.com.br/arquivos/ids/319304-250-250/Tortilla-Finas-Hierbas-8-un.jpg?v=638776417217670000",
    "productUrl": "https://www.jumbo.cl/tortilla-finas-hierbas-8-un-c-and-co-1951506/p",
    "in_stock": true,
    "promo_text": "Paga $834",
    "sku": "127227",
    "rating": 5,
    "description": null
  },
  {
    "id": "138009",
    "name": "Pan Molde Bauducco Integral 390 g",
    "brand": "Bauducco",
    "category": "panaderia-y-pasteleria",
    "price": 1490,
    "price_original": 1990,
    "currency": "CLP",
    "size": null,
    "unit_price": 3821,
    "image_url": "https://jumbocl.vteximg.com.br/arquivos/ids/328512-250-250/MOLDE-BAUD-INT-390.jpg?v=638776430994630000",
    "productUrl": "https://www.jumbo.cl/pan-de-molde-bauducco-integral-390-g/p",
    "in_stock": true,
    "promo_text": null,
    "sku": "138009",
    "rating": 5,
    "description": null
  },
  {
    "id": "147645",
    "name": "Hallullitas Atm Cuisine & Co 12 un.",
    "brand": "Cuisine & Co",
    "category": "panaderia-y-pasteleria",
    "price": 2490,
    "price_original": null,
    "currency": "CLP",
    "size": null,
    "unit_price": null,
    "image_url": "https://jumbocl.vteximg.com.br/arquivos/ids/458040-250-250/Hallullitas-ATM-Cuisine---Co-12-un.jpg?v=638857855944900000",
    "productUrl": "https://www.jumbo.cl/hallullitas-atm-c-and-co-12-un-2006593/p",
    "in_stock": true,
    "promo_text": "3 por 2 a $4.980",
    "sku": "147645",
    "rating": null,
    "description": null
  },
  {
    "id": "8938",
    "name": "Mini Tostadas Castaño 90 g",
    "brand": "Castaño",
    "category": "panaderia-y-pasteleria",
    "price": 2590,
    "price_original": null,
    "currency": "CLP",
    "size": null,
    "unit_price": 2878,
    "image_url": "https://jumbocl.vteximg.com.br/arquivos/ids/349613-250-250/Mini-tostadas-90-g.jpg?v=638776677676630000",
    "productUrl": "https://www.jumbo.cl/mini-tostadas-castano-bolsa-100-g/p",
    "in_stock": true,
    "promo_text": null,
    "sku": "8938",
    "rating": 4.5,
    "description": null
  },
  {
    "id": "143894",
    "name": "Rollito Canela 2 un.",
    "brand": "Cinnabon",
    "category": "panaderia-y-pasteleria",
    "price": 2690,
    "price_original": null,
    "currency": "CLP",
    "size": null,
    "unit_price": null,
    "image_url": "https://jumbocl.vteximg.com.br/arquivos/ids/340244-250-250/Rollo-de-Canela-Cinnamoon-2-Un.jpg?v=638776440553870000",
    "productUrl": "https://www.jumbo.cl/rollo-de-canela-cinnamoon-2-un-2011327/p",
    "in_stock": true,
    "promo_text": null,
    "sku": "143894",
    "rating": 5,
    "description": null
  },
  {
    "id": "144867",
    "name": "Mini Brownie Castaño Cobertura Chocolate 140 g 4 un.",
    "brand": "Castaño",
    "category": "panaderia-y-pasteleria",
    "price": 1690,
    "price_original": 1890,
    "currency": "CLP",
    "size": null,
    "unit_price": 12071,
    "image_url": "https://jumbocl.vteximg.com.br/arquivos/ids/341391-250-250/Mini-Brownie-Casta%C3%B1o-Choco-140-g-4-un.jpg?v=638776441686800000",
    "productUrl": "https://www.jumbo.cl/mini-brownie-castano-choco-4un-140g-2019619/p",
    "in_stock": true,
    "promo_text": null,
    "sku": "144867",
    "rating": 5,
    "description": null
  },
  {
    "id": "9238",
    "name": "Queque Nutra Bien Naranja Chips 250 g",
    "brand": "Nutra Bien",
    "category": "panaderia-y-pasteleria",
    "price": 2190,
    "price_original": 2590,
    "currency": "CLP",
    "size": null,
    "unit_price": null,
    "image_url": "https://jumbocl.vteximg.com.br/arquivos/ids/349718-250-250/Queque-naranja-chips-250-g.jpg?v=638776678206600000",
    "productUrl": "https://www.jumbo.cl/queque-familiar-nutra-bien-naranja-chips-250-2/p",
    "in_stock": true,
    "promo_text": null,
    "sku": "9238",
    "rating": 4.5,
    "description": null
  },
  {
    "id": "9113",
    "name": "Pan Tostado Valentina con Tomate 150 g",
    "brand": "Valentina",
    "category": "panaderia-y-pasteleria",
    "price": 1690,
    "price_original": null,
    "currency": "CLP",
    "size": null,
    "unit_price": 11267,
    "image_url": "https://jumbocl.vteximg.com.br/arquivos/ids/300969-250-250/Pan-Tostado-Valentina-con-tomate-150-g.jpg?v=638776374291630000",
    "productUrl": "https://www.jumbo.cl/pan-tostado-valentina-con-tomate-bolsa-150-gr/p",
    "in_stock": true,
    "promo_text": null,
    "sku": "9113",
    "rating": 5,
    "description": null
  },
  {
    "id": "98816",
    "name": "Minibon Cinnabon Mixtos 6 un.",
    "brand": "Cinnabon",
    "category": "panaderia-y-pasteleria",
    "price": 10990,
    "price_original": null,
    "currency": "CLP",
    "size": null,
    "unit_price": null,
    "image_url": "https://jumbocl.vteximg.com.br/arquivos/ids/371638-250-250/Minibon-mixtos-6un-cinnabon.jpg?v=638776787543700000",
    "productUrl": "https://www.jumbo.cl/minibon-mixtos-6un-cinnabon-1862247/p",
    "in_stock": true,
    "promo_text": null,
    "sku": "98816",
    "rating": 5,
    "description": null
  },
  {
    "id": "113113",
    "name": "Pan Tostado Valentina Jamón y Tomate 150 g",
    "brand": "Valentina",
    "category": "panaderia-y-pasteleria",
    "price": 1690,
    "price_original": null,
    "currency": "CLP",
    "size": null,
    "unit_price": 11267,
    "image_url": "https://jumbocl.vteximg.com.br/arquivos/ids/315808-250-250/Pan-tostado-jamon-y-tomate-150-g.jpg?v=638776406468800000",
    "productUrl": "https://www.jumbo.cl/pan-tostado-valentina-jamon-tomate-150gr-1923738/p",
    "in_stock": true,
    "promo_text": null,
    "sku": "113113",
    "rating": 5,
    "description": null
  },
  {
    "id": "115787",
    "name": "Pan Molde Ideal Integral Protein 10 - 650 g",
    "brand": "Ideal",
    "category": "panaderia-y-pasteleria",
    "price": 3230,
    "price_original": null,
    "currency": "CLP",
    "size": null,
    "unit_price": 4969,
    "image_url": "https://jumbocl.vteximg.com.br/arquivos/ids/316370-250-250/Pan-Molde-Ideal-Integral--Protein10-Bolsa-650-g.jpg?v=638776408002470000",
    "productUrl": "https://www.jumbo.cl/pan-molde-ideal-integral-protein-10-650g-1934535/p",
    "in_stock": true,
    "promo_text": null,
    "sku": "115787",
    "rating": 4.4,
    "description": null
  },
  {
    "id": "9112",
    "name": "Pan Tostado Valentina con Ajo y Perejil 150 g",
    "brand": "Valentina",
    "category": "panaderia-y-pasteleria",
    "price": 1690,
    "price_original": null,
    "currency": "CLP",
    "size": null,
    "unit_price": 11267,
    "image_url": "https://jumbocl.vteximg.com.br/arquivos/ids/300950-250-250/Pan-tostado-con-ajo-y-perejil-150-g.jpg?v=638776374261700000",
    "productUrl": "https://www.jumbo.cl/pan-tostado-valentina-bolsa-150-g-con-ajo-y-p/p",
    "in_stock": true,
    "promo_text": null,
    "sku": "9112",
    "rating": 4.9,
    "description": null
  },
  {
    "id": "126080",
    "name": "Alfajor de Maicena Deubel 12 un.",
    "brand": "Deubel",
    "category": "panaderia-y-pasteleria",
    "price": 4790,
    "price_original": null,
    "currency": "CLP",
    "size": null,
    "unit_price": null,
    "image_url": "https://jumbocl.vteximg.com.br/arquivos/ids/391615-250-250/ALFAJORCITO-MAICENA-DEUBEL-12-UN.jpg?v=638776868335270000",
    "productUrl": "https://www.jumbo.cl/alfajorcito-maicena-deubel-12-un-1949969/p",
    "in_stock": true,
    "promo_text": null,
    "sku": "126080",
    "rating": 5,
    "description": null
  },
  {
    "id": "8962",
    "name": "Cheesecake Mousse Cookies And Cream",
    "brand": "Cuisine & Co",
    "category": "panaderia-y-pasteleria",
    "price": 16990,
    "price_original": null,
    "currency": "CLP",
    "size": null,
    "unit_price": null,
    "image_url": "https://jumbocl.vteximg.com.br/arquivos/ids/301071-250-250/Cheesecake-Cookies-And-Cream.jpg?v=638776374496330000",
    "productUrl": "https://www.jumbo.cl/cheesecake-jumbo-oreo-2/p",
    "in_stock": true,
    "promo_text": null,
    "sku": "8962",
    "rating": 4.1,
    "description": null
  },
  {
    "id": "79749",
    "name": "Galletas Bio Zentrale Crujiente Orgánica 100 g",
    "brand": "Bio Zentrale",
    "category": "panaderia-y-pasteleria",
    "price": 3490,
    "price_original": null,
    "currency": "CLP",
    "size": null,
    "unit_price": 34900,
    "image_url": "https://jumbocl.vteximg.com.br/arquivos/ids/310926-250-250/Galleta-crujiente-organica-100-g.jpg?v=638776392525400000",
    "productUrl": "https://www.jumbo.cl/pan-de-lenteja-100-g/p",
    "in_stock": true,
    "promo_text": null,
    "sku": "79749",
    "rating": 5,
    "description": null
  },
  {
    "id": "8963",
    "name": "Cheesecake Mousse Maracuyá 10-12 Porciones",
    "brand": "Cuisine & Co",
    "category": "panaderia-y-pasteleria",
    "price": 16990,
    "price_original": null,
    "currency": "CLP",
    "size": null,
    "unit_price": 16990,
    "image_url": "https://jumbocl.vteximg.com.br/arquivos/ids/301102-250-250/Cheesecake-de-Maracuya-10-12-Porciones.jpg?v=638776374533700000",
    "productUrl": "https://www.jumbo.cl/cheesecake-maracuya-jumbo-elaboracion-propia-2/p",
    "in_stock": true,
    "promo_text": null,
    "sku": "8963",
    "rating": 3.1,
    "description": null
  },
  {
    "id": "79531",
    "name": "Bagel Sésamo 4 un.",
    "brand": "Cuisine & Co",
    "category": "panaderia-y-pasteleria",
    "price": 3990,
    "price_original": null,
    "currency": "CLP",
    "size": null,
    "unit_price": null,
    "image_url": "https://jumbocl.vteximg.com.br/arquivos/ids/364140-250-250/Bagel-sesamo-4-unid-1-117148917.jpg?v=638776752420130000",
    "productUrl": "https://www.jumbo.cl/bagel-sesamo-4-unid/p",
    "in_stock": true,
    "promo_text": null,
    "sku": "79531",
    "rating": 4.7,
    "description": null
  },
  {
    "id": "41197",
    "name": "Pan Molde Castaño Miga Dúo 440 g",
    "brand": "Castaño",
    "category": "panaderia-y-pasteleria",
    "price": 3490,
    "price_original": 3990,
    "currency": "CLP",
    "size": null,
    "unit_price": 7932,
    "image_url": "https://jumbocl.vteximg.com.br/arquivos/ids/356949-250-250/Pan-de-molde-miga-duo-440-g.jpg?v=638776715232070000",
    "productUrl": "https://www.jumbo.cl/pan-molde-castano-miga-duo-440-g/p",
    "in_stock": true,
    "promo_text": null,
    "sku": "41197",
    "rating": 5,
    "description": null
  },
  {
    "id": "128492",
    "name": "Stollen Kuchenmeister Persipan 750 g",
    "brand": "Kuchenmeister",
    "category": "panaderia-y-pasteleria",
    "price": 8290,
    "price_original": null,
    "currency": "CLP",
    "size": null,
    "unit_price": 11053,
    "image_url": "https://jumbocl.vteximg.com.br/arquivos/ids/538109-250-250/Stollen-Kuchenmeister-Persipan-750-g.jpg?v=638984627789230000",
    "productUrl": "https://www.jumbo.cl/stollen-kuchenmeister-persipan-750g-1959239/p",
    "in_stock": true,
    "promo_text": "Paga $5.803",
    "sku": "128492",
    "rating": 5,
    "description": null
  },
  {
    "id": "89352",
    "name": "Pack Medialuna 5 un.",
    "brand": "Cuisine & Co",
    "category": "panaderia-y-pasteleria",
    "price": 2490,
    "price_original": null,
    "currency": "CLP",
    "size": null,
    "unit_price": null,
    "image_url": "https://jumbocl.vteximg.com.br/arquivos/ids/312066-250-250/Pack-Medialuna-5-un.jpg?v=638776395487030000",
    "productUrl": "https://www.jumbo.cl/pack-media-luna-5-un/p",
    "in_stock": true,
    "promo_text": null,
    "sku": "89352",
    "rating": 1.5,
    "description": null
  },
  {
    "id": "156737",
    "name": "Pan de Molde Integral Linaza y Chía Prebiótico",
    "brand": "Castaño",
    "category": "panaderia-y-pasteleria",
    "price": 2290,
    "price_original": null,
    "currency": "CLP",
    "size": null,
    "unit_price": 5725,
    "image_url": "https://jumbocl.vteximg.com.br/arquivos/ids/509725-250-250/MOLDE-LINAZA-CHIA-PREBIOTICO-400G.jpg?v=638936271608070000",
    "productUrl": "https://www.jumbo.cl/molde-linaza-chia-prebiotico-400g-2049371/p",
    "in_stock": true,
    "promo_text": null,
    "sku": "156737",
    "rating": null,
    "description": null
  },
  {
    "id": "126349",
    "name": "Pan Baguetín Rústico Cuisine & Co 6 un.",
    "brand": "Cuisine & Co",
    "category": "panaderia-y-pasteleria",
    "price": 1590,
    "price_original": null,
    "currency": "CLP",
    "size": null,
    "unit_price": null,
    "image_url": "https://jumbocl.vteximg.com.br/arquivos/ids/391762-250-250/Pan-Baguetin-Rustico-6-un.jpg?v=638776868905400000",
    "productUrl": "https://www.jumbo.cl/pan-baguetin-rustico-6-un/p",
    "in_stock": true,
    "promo_text": "3 por 2 a $3.180",
    "sku": "126349",
    "rating": 4.6,
    "description": null
  },
  {
    "id": "9324",
    "name": "Tortillas Pancho Villa m 600 g 24 un.",
    "brand": "Pancho Villa",
    "category": "panaderia-y-pasteleria",
    "price": 3890,
    "price_original": null,
    "currency": "CLP",
    "size": null,
    "unit_price": 6483,
    "image_url": "https://jumbocl.vteximg.com.br/arquivos/ids/349758-250-250/Pack-3-un-Tortillas-tacos-y-fajitas-M-200-g.jpg?v=638776678457430000",
    "productUrl": "https://www.jumbo.cl/tortillas-mexicanas-pancho-villa-bolsa-200-g-2/p",
    "in_stock": true,
    "promo_text": null,
    "sku": "9324",
    "rating": 4.3,
    "description": null
  },
  {
    "id": "9052",
    "name": "Pan Fuchs Stuttgart Integral 650 g",
    "brand": "Fuchs",
    "category": "panaderia-y-pasteleria",
    "price": 2950,
    "price_original": null,
    "currency": "CLP",
    "size": null,
    "unit_price": 4538,
    "image_url": "https://jumbocl.vteximg.com.br/arquivos/ids/301105-250-250/Pan-Molde-Fuchs-Integral-Trigo-650-g.jpg?v=638776374537000000",
    "productUrl": "https://www.jumbo.cl/pan-de-molde-integral-stuttgart-fuchs-bolsa-6/p",
    "in_stock": true,
    "promo_text": null,
    "sku": "9052",
    "rating": 4.9,
    "description": null
  },
  {
    "id": "9199",
    "name": "Strudel de Manzana Horeb Masa Filo 860 g",
    "brand": "Horeb",
    "category": "panaderia-y-pasteleria",
    "price": 7990,
    "price_original": null,
    "currency": "CLP",
    "size": null,
    "unit_price": 9291,
    "image_url": "https://jumbocl.vteximg.com.br/arquivos/ids/349713-250-250/Strudel-de-Manzana-Horeb-Masa-filo-860-g-1-11099.jpg?v=638776678189600000",
    "productUrl": "https://www.jumbo.cl/strudel-de-manzana-horeb-masa-filo-bandeja-86/p",
    "in_stock": true,
    "promo_text": null,
    "sku": "9199",
    "rating": 3.1,
    "description": null
  },
  {
    "id": "147760",
    "name": "Berlín Pastelera Jumbo",
    "brand": "Cuisine & Co",
    "category": "panaderia-y-pasteleria",
    "price": 2990,
    "price_original": null,
    "currency": "CLP",
    "size": null,
    "unit_price": null,
    "image_url": "https://jumbocl.vteximg.com.br/arquivos/ids/410733-250-250/Berlin-Pastelera-Jumbo.jpg?v=638790482685100000",
    "productUrl": "https://www.jumbo.cl/berlin-pastelera-jumbo-v3-2023066/p",
    "in_stock": true,
    "promo_text": null,
    "sku": "147760",
    "rating": 3.5,
    "description": null
  },
  {
    "id": "39691",
    "name": "Pie de Limón Tavelli",
    "brand": "Tavelli",
    "category": "panaderia-y-pasteleria",
    "price": 17990,
    "price_original": null,
    "currency": "CLP",
    "size": null,
    "unit_price": null,
    "image_url": "https://jumbocl.vteximg.com.br/arquivos/ids/356815-250-250/Pie-de-limon-Tavelli.jpg?v=638776714461700000",
    "productUrl": "https://www.jumbo.cl/pie-de-limon-tavelli/p",
    "in_stock": true,
    "promo_text": null,
    "sku": "39691",
    "rating": 4.9,
    "description": null
  },
  {
    "id": "89972",
    "name": "Tentación Anita",
    "brand": "Las Bezanillas",
    "category": "panaderia-y-pasteleria",
    "price": 13990,
    "price_original": null,
    "currency": "CLP",
    "size": null,
    "unit_price": null,
    "image_url": "https://jumbocl.vteximg.com.br/arquivos/ids/367317-250-250/Tentaci-n-Anita-1-206632594.jpg?v=638776767361130000",
    "productUrl": "https://www.jumbo.cl/tentacion-anita/p",
    "in_stock": true,
    "promo_text": null,
    "sku": "89972",
    "rating": null,
    "description": null
  },
  {
    "id": "39692",
    "name": "Pie de Maracuyá 10 Porciones",
    "brand": "Tavelli",
    "category": "panaderia-y-pasteleria",
    "price": 17990,
    "price_original": null,
    "currency": "CLP",
    "size": null,
    "unit_price": null,
    "image_url": "https://jumbocl.vteximg.com.br/arquivos/ids/356811-250-250/Pie-de-Maracuya-10-porciones.jpg?v=638776714457800000",
    "productUrl": "https://www.jumbo.cl/pie-de-maracuya-tavelli/p",
    "in_stock": true,
    "promo_text": null,
    "sku": "39692",
    "rating": 4.5,
    "description": null
  },
  {
    "id": "147160",
    "name": "Pan de Molde Castaño Brioche con Mantequilla 400 g",
    "brand": "Castaño",
    "category": "panaderia-y-pasteleria",
    "price": 1790,
    "price_original": null,
    "currency": "CLP",
    "size": null,
    "unit_price": 4475,
    "image_url": "https://jumbocl.vteximg.com.br/arquivos/ids/424329-250-250/Pan-de-Molde-Casta%C3%B1o-Brioche-con-Mantequilla-400-g.jpg?v=638810457451270000",
    "productUrl": "https://www.jumbo.cl/pan-castano-especial-brioche-400g-2028550/p",
    "in_stock": true,
    "promo_text": null,
    "sku": "147160",
    "rating": 5,
    "description": null
  },
  {
    "id": "79532",
    "name": "Bagel Asiago 4 un.",
    "brand": "Cuisine & Co",
    "category": "panaderia-y-pasteleria",
    "price": 3990,
    "price_original": null,
    "currency": "CLP",
    "size": null,
    "unit_price": null,
    "image_url": "https://jumbocl.vteximg.com.br/arquivos/ids/364142-250-250/Bagel-asiago-4-unid-1-117148918.jpg?v=638776752423100000",
    "productUrl": "https://www.jumbo.cl/bagel-asiago-4-unid/p",
    "in_stock": true,
    "promo_text": null,
    "sku": "79532",
    "rating": 5,
    "description": null
  },
  {
    "id": "143342",
    "name": "Torta Pistacho Del Monte",
    "brand": "Del Monte",
    "category": "panaderia-y-pasteleria",
    "price": 15990,
    "price_original": null,
    "currency": "CLP",
    "size": null,
    "unit_price": null,
    "image_url": "https://jumbocl.vteximg.com.br/arquivos/ids/338832-250-250/Torta-Pistacho-Del-Monte.jpg?v=638776439584770000",
    "productUrl": "https://www.jumbo.cl/torta-pistacho-del-monte-2009521/p",
    "in_stock": true,
    "promo_text": null,
    "sku": "143342",
    "rating": 4,
    "description": null
  },
  {
    "id": "156742",
    "name": "Pan de Molde Integral Linaza y Chía Prebiótico 600 g",
    "brand": "Castaño",
    "category": "panaderia-y-pasteleria",
    "price": 2790,
    "price_original": null,
    "currency": "CLP",
    "size": null,
    "unit_price": 4650,
    "image_url": "https://jumbocl.vteximg.com.br/arquivos/ids/509747-250-250/MOLDE-LINAZA-CHIA-PREBIOTICO-600G.jpg?v=638936271656270000",
    "productUrl": "https://www.jumbo.cl/molde-linaza-chia-prebiotico-600g-2049374/p",
    "in_stock": true,
    "promo_text": null,
    "sku": "156742",
    "rating": null,
    "description": null
  },
  {
    "id": "112498",
    "name": "Queque Wholegrain Avena Miel",
    "brand": "Jumbo Artesanal",
    "category": "panaderia-y-pasteleria",
    "price": 3990,
    "price_original": null,
    "currency": "CLP",
    "size": null,
    "unit_price": null,
    "image_url": "https://jumbocl.vteximg.com.br/arquivos/ids/315673-250-250/Queque-Wholegrain-Avena-Miel.jpg?v=638776405976630000",
    "productUrl": "https://www.jumbo.cl/queque-wholegrain-avena-miel-jumbo-artes-1892327/p",
    "in_stock": true,
    "promo_text": null,
    "sku": "112498",
    "rating": 4.6,
    "description": null
  },
  {
    "id": "22791",
    "name": "Pan Crujiente Burger Fibra 250 g",
    "brand": "Burger",
    "category": "panaderia-y-pasteleria",
    "price": 1590,
    "price_original": 2290,
    "currency": "CLP",
    "size": null,
    "unit_price": 6360,
    "image_url": "https://jumbocl.vteximg.com.br/arquivos/ids/304817-250-250/Pan-crujiente-fibra-250-g.jpg?v=638776380620870000",
    "productUrl": "https://www.jumbo.cl/pan-crujiente-burger-fibra-250-g/p",
    "in_stock": true,
    "promo_text": null,
    "sku": "22791",
    "rating": 3.7,
    "description": null
  },
  {
    "id": "73926",
    "name": "Pan Hot Dog Dilici Sin Gluten 450 g",
    "brand": "Dilici",
    "category": "panaderia-y-pasteleria",
    "price": 4990,
    "price_original": null,
    "currency": "CLP",
    "size": null,
    "unit_price": 11089,
    "image_url": "https://jumbocl.vteximg.com.br/arquivos/ids/362743-250-250/Pan-de-hot-dog-sin-gluten-450-g-1-51532296.jpg?v=638776744682200000",
    "productUrl": "https://www.jumbo.cl/pan-hot-dog-sin-gluten-dilici-450-g/p",
    "in_stock": true,
    "promo_text": null,
    "sku": "73926",
    "rating": 4.6,
    "description": null
  },
  {
    "id": "22970",
    "name": "Queque Upfree de Limón 280 g",
    "brand": "Upfree",
    "category": "panaderia-y-pasteleria",
    "price": 5490,
    "price_original": null,
    "currency": "CLP",
    "size": null,
    "unit_price": 19607,
    "image_url": "https://jumbocl.vteximg.com.br/arquivos/ids/354124-250-250/Principal-21657.jpg?v=638776700867970000",
    "productUrl": "https://www.jumbo.cl/queque-de-limon-upfree-280-g/p",
    "in_stock": true,
    "promo_text": null,
    "sku": "22970",
    "rating": 3,
    "description": null
  },
  {
    "id": "147197",
    "name": "Pan Cristalino con Cerveza Europastry 196 g",
    "brand": "Europastry",
    "category": "panaderia-y-pasteleria",
    "price": 1690,
    "price_original": null,
    "currency": "CLP",
    "size": null,
    "unit_price": 8622,
    "image_url": "https://jumbocl.vteximg.com.br/arquivos/ids/410630-250-250/Pan-Cristalino-con-Cerveza-Europastry-196-g.jpg?v=638790482199270000",
    "productUrl": "https://www.jumbo.cl/pan-cristalino-cerveza-europastry-196g-2013035/p",
    "in_stock": true,
    "promo_text": null,
    "sku": "147197",
    "rating": null,
    "description": null
  },
  {
    "id": "149335",
    "name": "Torta Caluga Manjar y Nuez 10 porciones",
    "brand": "Jumbo Artesanal",
    "category": "panaderia-y-pasteleria",
    "price": 20990,
    "price_original": null,
    "currency": "CLP",
    "size": null,
    "unit_price": null,
    "image_url": "https://jumbocl.vteximg.com.br/arquivos/ids/458072-250-250/Torta-Caluga-Manjar-y-Nuez-12-porciones.jpg?v=638857856186870000",
    "productUrl": "https://www.jumbo.cl/torta-caluga-man-n-2036564/p",
    "in_stock": true,
    "promo_text": null,
    "sku": "149335",
    "rating": null,
    "description": null
  },
  {
    "id": "147198",
    "name": "Pan Cristalino Europastry 300 g",
    "brand": "Europastry",
    "category": "panaderia-y-pasteleria",
    "price": 2690,
    "price_original": null,
    "currency": "CLP",
    "size": null,
    "unit_price": 8967,
    "image_url": "https://jumbocl.vteximg.com.br/arquivos/ids/410638-250-250/Pan-Cristalino-Europastry-300-g.jpg?v=638790482231800000",
    "productUrl": "https://www.jumbo.cl/pan-cristalino-europastry-300g-2013036/p",
    "in_stock": true,
    "promo_text": null,
    "sku": "147198",
    "rating": null,
    "description": null
  },
  {
    "id": "73925",
    "name": "Pan de Hamburguesa Dilici Sésamo 400 g",
    "brand": "Dilici",
    "category": "panaderia-y-pasteleria",
    "price": 4890,
    "price_original": null,
    "currency": "CLP",
    "size": null,
    "unit_price": 12225,
    "image_url": "https://jumbocl.vteximg.com.br/arquivos/ids/362740-250-250/Pan-de-hamburguesa-s-samo-400-g-1-51532295.jpg?v=638776744675800000",
    "productUrl": "https://www.jumbo.cl/pan-hamburguesa-sesamo-sin-gluten-dilici-400-g/p",
    "in_stock": true,
    "promo_text": null,
    "sku": "73925",
    "rating": 5,
    "description": null
  },
  {
    "id": "57411",
    "name": "Pan Hot Dog Castaño 480 g 8 un.",
    "brand": "Castaño",
    "category": "panaderia-y-pasteleria",
    "price": 2290,
    "price_original": null,
    "currency": "CLP",
    "size": null,
    "unit_price": 4771,
    "image_url": "https://jumbocl.vteximg.com.br/arquivos/ids/501382-250-250/Pan-Hot-Dog-Casta%C3%B1o-480-g-8-un.jpg?v=638920188674200000",
    "productUrl": "https://www.jumbo.cl/pan-hot-dog-castano-480-gr-8-un/p",
    "in_stock": true,
    "promo_text": null,
    "sku": "57411",
    "rating": 4.5,
    "description": null
  },
  {
    "id": "22954",
    "name": "Dulce Príncipes Agua de Piedra 230 g",
    "brand": "Agua de Piedra",
    "category": "panaderia-y-pasteleria",
    "price": 2790,
    "price_original": null,
    "currency": "CLP",
    "size": null,
    "unit_price": 12130,
    "image_url": "https://jumbocl.vteximg.com.br/arquivos/ids/354114-250-250/Dulce-Principes-230-g.jpg?v=638776700832470000",
    "productUrl": "https://www.jumbo.cl/dulce-principes-agua-de-piedra-230-g/p",
    "in_stock": true,
    "promo_text": null,
    "sku": "22954",
    "rating": 2,
    "description": null
  },
  {
    "id": "22965",
    "name": "Queque Nutra Bien Premium Mármol Familiar 250 g",
    "brand": "Nutra Bien",
    "category": "panaderia-y-pasteleria",
    "price": 2190,
    "price_original": 2590,
    "currency": "CLP",
    "size": null,
    "unit_price": 8760,
    "image_url": "https://jumbocl.vteximg.com.br/arquivos/ids/354119-250-250/Queque-Nutra-Bien-premium-marmol-familiar-250-g.jpg?v=638776700855670000",
    "productUrl": "https://www.jumbo.cl/queque-nutra-bien-premium-marmol-familiar-250-g/p",
    "in_stock": true,
    "promo_text": null,
    "sku": "22965",
    "rating": 5,
    "description": null
  },
  {
    "id": "146352",
    "name": "Torta Panqueque Tavelli Manjar Nuez Sin Azúcar Añadida 8 Porciones",
    "brand": "Tavelli",
    "category": "panaderia-y-pasteleria",
    "price": 20990,
    "price_original": null,
    "currency": "CLP",
    "size": null,
    "unit_price": null,
    "image_url": "https://jumbocl.vteximg.com.br/arquivos/ids/404258-250-250/Torta-Panqueque-Tavelli-Manjar-Nuez-Sin-Azucar-A%C3%B1adida-10-Porciones.jpg?v=638776917881170000",
    "productUrl": "https://www.jumbo.cl/torta-tavelli-panqueque-manjar-nuez-s-az-2020947/p",
    "in_stock": true,
    "promo_text": null,
    "sku": "146352",
    "rating": null,
    "description": null
  },
  {
    "id": "22780",
    "name": "Pan Pumpernickel Mestemacher Alemán 500 g",
    "brand": "Mestemacher",
    "category": "panaderia-y-pasteleria",
    "price": 2790,
    "price_original": null,
    "currency": "CLP",
    "size": null,
    "unit_price": 5580,
    "image_url": "https://jumbocl.vteximg.com.br/arquivos/ids/304680-250-250/Pan-pumpernickel-aleman-500-g.jpg?v=638776380360100000",
    "productUrl": "https://www.jumbo.cl/pan-pumpernickel-mestemacher-500-g/p",
    "in_stock": true,
    "promo_text": null,
    "sku": "22780",
    "rating": 4.2,
    "description": null
  },
  {
    "id": "9061",
    "name": "Pan Centeno y Cebada Burger 250 g",
    "brand": "Burger",
    "category": "panaderia-y-pasteleria",
    "price": 1590,
    "price_original": 2290,
    "currency": "CLP",
    "size": null,
    "unit_price": 6360,
    "image_url": "https://jumbocl.vteximg.com.br/arquivos/ids/300923-250-250/Pan-de-centeno-y-cebada-250-g.jpg?v=638776374196400000",
    "productUrl": "https://www.jumbo.cl/pan-de-centeno-y-cebada-burger-urtyp-250-grs/p",
    "in_stock": true,
    "promo_text": null,
    "sku": "9061",
    "rating": 5,
    "description": null
  },
  {
    "id": "73911",
    "name": "Pan Le Baguetin Dilici Blanco Sin Gluten 400 g",
    "brand": "Dilici",
    "category": "panaderia-y-pasteleria",
    "price": 4790,
    "price_original": null,
    "currency": "CLP",
    "size": null,
    "unit_price": 11975,
    "image_url": "https://jumbocl.vteximg.com.br/arquivos/ids/362736-250-250/Pan-le-baguetin-blanco-sin-gluten-400-g-1-479936.jpg?v=638776744659330000",
    "productUrl": "https://www.jumbo.cl/pan-le-baguetin-blanco-sin-gluten-400gr/p",
    "in_stock": true,
    "promo_text": null,
    "sku": "73911",
    "rating": 5,
    "description": null
  },
  {
    "id": "91022",
    "name": "Queque Dilici Chocolate Vegano Sin Gluten 300 g",
    "brand": "Dilici",
    "category": "panaderia-y-pasteleria",
    "price": 5490,
    "price_original": null,
    "currency": "CLP",
    "size": null,
    "unit_price": 18300,
    "image_url": "https://jumbocl.vteximg.com.br/arquivos/ids/367499-250-250/Queque-de-chocolate-vegano-sin-gluten-300-g-1-202987341.jpg?v=638776768224400000",
    "productUrl": "https://www.jumbo.cl/queque-de-chocolate-vegano-sin-gluten-300-g/p",
    "in_stock": true,
    "promo_text": null,
    "sku": "91022",
    "rating": 4.6,
    "description": null
  },
  {
    "id": "127226",
    "name": "Tortilla Pesto 8 un.",
    "brand": "Cuisine & Co",
    "category": "panaderia-y-pasteleria",
    "price": 1390,
    "price_original": null,
    "currency": "CLP",
    "size": null,
    "unit_price": null,
    "image_url": "https://jumbocl.vteximg.com.br/arquivos/ids/319292-250-250/Tortilla-Pesto-8-un.jpg?v=638776417191730000",
    "productUrl": "https://www.jumbo.cl/tortilla-pesto-8-un-cuisine-and-co-1951507/p",
    "in_stock": true,
    "promo_text": "Paga $834",
    "sku": "127226",
    "rating": 4.5,
    "description": null
  },
  {
    "id": "97799",
    "name": "Tostadas Bauducco Clásicas 142 g",
    "brand": "Bauducco",
    "category": "panaderia-y-pasteleria",
    "price": 1750,
    "price_original": null,
    "currency": "CLP",
    "size": null,
    "unit_price": 12324,
    "image_url": "https://jumbocl.vteximg.com.br/arquivos/ids/370012-250-250/Tostadas-clasicas-142-g.jpg?v=638776780075400000",
    "productUrl": "https://www.jumbo.cl/tostada-clasica-bauducco-142-g-1856977/p",
    "in_stock": true,
    "promo_text": null,
    "sku": "97799",
    "rating": 4.7,
    "description": null
  },
  {
    "id": "22815",
    "name": "Pan Copihue Castaño 330 g",
    "brand": "Castaño",
    "category": "panaderia-y-pasteleria",
    "price": 2690,
    "price_original": null,
    "currency": "CLP",
    "size": null,
    "unit_price": 8152,
    "image_url": "https://jumbocl.vteximg.com.br/arquivos/ids/445409-250-250/Pan-Copihue-Casta%C3%B1o-330-g.jpg?v=638838834316730000",
    "productUrl": "https://www.jumbo.cl/pan-copihue-castano-330-g/p",
    "in_stock": true,
    "promo_text": null,
    "sku": "22815",
    "rating": 5,
    "description": null
  },
  {
    "id": "22793",
    "name": "Pan Crujiente Burger Sésamo 250 g",
    "brand": "Burger",
    "category": "panaderia-y-pasteleria",
    "price": 1590,
    "price_original": 2290,
    "currency": "CLP",
    "size": null,
    "unit_price": 6360,
    "image_url": "https://jumbocl.vteximg.com.br/arquivos/ids/304830-250-250/Pan-crujiente-sesamo-250-g.jpg?v=638776380649070000",
    "productUrl": "https://www.jumbo.cl/pan-crujiente-burger-sesamo-250-g/p",
    "in_stock": true,
    "promo_text": null,
    "sku": "22793",
    "rating": 5,
    "description": null
  },
  {
    "id": "9062",
    "name": "Pan Delicacy Burger 250 g",
    "brand": "Burger",
    "category": "panaderia-y-pasteleria",
    "price": 1590,
    "price_original": 2290,
    "currency": "CLP",
    "size": null,
    "unit_price": 6360,
    "image_url": "https://jumbocl.vteximg.com.br/arquivos/ids/300932-250-250/Pan-delicacy-250-g.jpg?v=638776374225900000",
    "productUrl": "https://www.jumbo.cl/pan-delikatesse-burger-caja-250-grs/p",
    "in_stock": true,
    "promo_text": null,
    "sku": "9062",
    "rating": 5,
    "description": null
  },
  {
    "id": "98257",
    "name": "Tacitas de Coctel Vitacura",
    "brand": "Vitacura",
    "category": "panaderia-y-pasteleria",
    "price": 4490,
    "price_original": null,
    "currency": "CLP",
    "size": null,
    "unit_price": null,
    "image_url": "https://jumbocl.vteximg.com.br/arquivos/ids/370541-250-250/Tacitas-de-coctel-vitacura.jpg?v=638776782932930000",
    "productUrl": "https://www.jumbo.cl/tacitas-de-cocktail-vitacura-1512550/p",
    "in_stock": true,
    "promo_text": null,
    "sku": "98257",
    "rating": 5,
    "description": null
  },
  {
    "id": "73912",
    "name": "Pan Baguetin Dilici D´Linaza Sin Gluten 400 g",
    "brand": "Dilici",
    "category": "panaderia-y-pasteleria",
    "price": 4790,
    "price_original": null,
    "currency": "CLP",
    "size": null,
    "unit_price": 11975,
    "image_url": "https://jumbocl.vteximg.com.br/arquivos/ids/362734-250-250/Pan-baguetin-d-linaza-sin-gluten-400-g-1-479937.jpg?v=638776744655970000",
    "productUrl": "https://www.jumbo.cl/pan-baguetin-d-linaza-sin-gluten-400gr/p",
    "in_stock": true,
    "promo_text": null,
    "sku": "73912",
    "rating": 5,
    "description": null
  },
  {
    "id": "73999",
    "name": "Pan Marraqueta Bredenmaster Tradicional 10 un.",
    "brand": "Bredenmaster",
    "category": "panaderia-y-pasteleria",
    "price": 4790,
    "price_original": null,
    "currency": "CLP",
    "size": null,
    "unit_price": null,
    "image_url": "https://jumbocl.vteximg.com.br/arquivos/ids/362761-250-250/Pan-marraqueta-tradicional-10-un.jpg?v=638776744768100000",
    "productUrl": "https://www.jumbo.cl/marraqueta-tradicional-home-bakery-bredenmaster-10-unid/p",
    "in_stock": true,
    "promo_text": null,
    "sku": "73999",
    "rating": 4.8,
    "description": null
  },
  {
    "id": "132670",
    "name": "Pan Hoja Cuisine & Co 8 un.",
    "brand": "Cuisine & Co",
    "category": "panaderia-y-pasteleria",
    "price": 1490,
    "price_original": null,
    "currency": "CLP",
    "size": null,
    "unit_price": null,
    "image_url": "https://jumbocl.vteximg.com.br/arquivos/ids/321671-250-250/Pan-de-Hoja-8-un.jpg?v=638776423871630000",
    "productUrl": "https://www.jumbo.cl/pan-hoja-8u-c-y-co/p",
    "in_stock": true,
    "promo_text": "3 por 2 a $2.980",
    "sku": "132670",
    "rating": 5,
    "description": null
  },
  {
    "id": "9106",
    "name": "Tostadas Multigranos Orgran con Quinoa 125 g",
    "brand": "Orgran",
    "category": "panaderia-y-pasteleria",
    "price": 2890,
    "price_original": null,
    "currency": "CLP",
    "size": null,
    "unit_price": 23120,
    "image_url": "https://jumbocl.vteximg.com.br/arquivos/ids/301259-250-250/Tostadas-multigranos-con-quinoa-125-g.jpg?v=638776374715600000",
    "productUrl": "https://www.jumbo.cl/tostadas-multigranos-orgran-con-quinoa-sin-gl/p",
    "in_stock": true,
    "promo_text": null,
    "sku": "9106",
    "rating": 5,
    "description": null
  },
  {
    "id": "81840",
    "name": "Tortillas Pancho Villa Quesavilla m 200 g 8 un.",
    "brand": "Pancho Villa",
    "category": "panaderia-y-pasteleria",
    "price": 1290,
    "price_original": null,
    "currency": "CLP",
    "size": null,
    "unit_price": 6450,
    "image_url": "https://jumbocl.vteximg.com.br/arquivos/ids/364786-250-250/Quesadillas-8-un.jpg?v=638776755648230000",
    "productUrl": "https://www.jumbo.cl/quesadillas-8-unid/p",
    "in_stock": true,
    "promo_text": null,
    "sku": "81840",
    "rating": 4.5,
    "description": null
  },
  {
    "id": "131507",
    "name": "Pan Molde Cuisine & Co Multisemillas Sin Gluten 480 g",
    "brand": "Cuisine & Co",
    "category": "panaderia-y-pasteleria",
    "price": 5190,
    "price_original": null,
    "currency": "CLP",
    "size": null,
    "unit_price": 10813,
    "image_url": "https://jumbocl.vteximg.com.br/arquivos/ids/321005-250-250/Molde-Multisemillas-Sin-Gluten-480-g.jpg?v=638776422228000000",
    "productUrl": "https://www.jumbo.cl/molde-multisem-s-gluten-cuisine-and-co-480g-1966042/p",
    "in_stock": true,
    "promo_text": null,
    "sku": "131507",
    "rating": 4.9,
    "description": null
  },
  {
    "id": "22969",
    "name": "Galletas Upfree Libre de Gluten y Lactosa Vainilla 150 g",
    "brand": "Upfree",
    "category": "panaderia-y-pasteleria",
    "price": 3690,
    "price_original": null,
    "currency": "CLP",
    "size": null,
    "unit_price": 24600,
    "image_url": "https://jumbocl.vteximg.com.br/arquivos/ids/354125-250-250/Principal-21656.jpg?v=638776700872970000",
    "productUrl": "https://www.jumbo.cl/galletas-libre-de-gluten-y-lactosa-vainilla-upfree-150-g/p",
    "in_stock": true,
    "promo_text": null,
    "sku": "22969",
    "rating": 5,
    "description": null
  },
  {
    "id": "74538",
    "name": "Muffins Arándano Piacceri 6 un.",
    "brand": "Piacceri",
    "category": "panaderia-y-pasteleria",
    "price": 7290,
    "price_original": null,
    "currency": "CLP",
    "size": null,
    "unit_price": null,
    "image_url": "https://jumbocl.vteximg.com.br/arquivos/ids/362953-250-250/Muffins-arandano-Piacceri-6-unid-Jumbo-1-51532277.jpg?v=638776745780270000",
    "productUrl": "https://www.jumbo.cl/muffins-arandano-piacceri-6-unid-jumbo/p",
    "in_stock": true,
    "promo_text": null,
    "sku": "74538",
    "rating": 5,
    "description": null
  },
  {
    "id": "30057",
    "name": "Stollen kuchenmeister 750 g",
    "brand": "Kuchenmeister",
    "category": "panaderia-y-pasteleria",
    "price": 8990,
    "price_original": null,
    "currency": "CLP",
    "size": null,
    "unit_price": 11987,
    "image_url": "https://jumbocl.vteximg.com.br/arquivos/ids/538130-250-250/Stollen-kuchenmeister-750-g.jpg?v=638984627929700000",
    "productUrl": "https://www.jumbo.cl/stollen-kuchenmeister-750-g/p",
    "in_stock": true,
    "promo_text": "Paga $6.293",
    "sku": "30057",
    "rating": 4.8,
    "description": null
  },
  {
    "id": "131291",
    "name": "Muffin Plátano Nuez Blíster 2 un.",
    "brand": "Cuisine & Co",
    "category": "panaderia-y-pasteleria",
    "price": 2290,
    "price_original": null,
    "currency": "CLP",
    "size": null,
    "unit_price": null,
    "image_url": "https://jumbocl.vteximg.com.br/arquivos/ids/520383-250-250/Muffin-Platano-Nuez-Blister-2-un.jpg?v=638953642469400000",
    "productUrl": "https://www.jumbo.cl/muffin-platano-nuez-blister-2-un-1975206/p",
    "in_stock": true,
    "promo_text": null,
    "sku": "131291",
    "rating": null,
    "description": null
  },
  {
    "id": "8975",
    "name": "Tarta Frutilla Uva Arándanos Frambuesa",
    "brand": "Cuisine & Co",
    "category": "panaderia-y-pasteleria",
    "price": 14990,
    "price_original": null,
    "currency": "CLP",
    "size": null,
    "unit_price": 14990,
    "image_url": "https://jumbocl.vteximg.com.br/arquivos/ids/301003-250-250/Tarta-Durazno-y-Uva.jpg?v=638776374356800000",
    "productUrl": "https://www.jumbo.cl/tarta-jumbo-durazno-uva-1-unid-2/p",
    "in_stock": true,
    "promo_text": null,
    "sku": "8975",
    "rating": null,
    "description": null
  },
  {
    "id": "22942",
    "name": "Queque Brazo de Reina Danesita Chocolate 300 g",
    "brand": "Danesita",
    "category": "panaderia-y-pasteleria",
    "price": 2890,
    "price_original": null,
    "currency": "CLP",
    "size": null,
    "unit_price": 9633,
    "image_url": "https://jumbocl.vteximg.com.br/arquivos/ids/304756-250-250/Queque-Brazo-de-Reina-Danesita-Chocolate-300-g.jpg?v=638776380473470000",
    "productUrl": "https://www.jumbo.cl/roll-de-chocolate-danesita-300-g/p",
    "in_stock": true,
    "promo_text": null,
    "sku": "22942",
    "rating": null,
    "description": null
  },
  {
    "id": "103721",
    "name": "Brownie Nutrisa Sin Sellos 5 un.",
    "brand": "Nutrisa",
    "category": "panaderia-y-pasteleria",
    "price": 3190,
    "price_original": null,
    "currency": "CLP",
    "size": null,
    "unit_price": 15950,
    "image_url": "https://jumbocl.vteximg.com.br/arquivos/ids/314259-250-250/Brownies-Nutrisa-40-g-5-un.jpg?v=638776401537470000",
    "productUrl": "https://www.jumbo.cl/pack-brownies-sin-sellos-nutrisa-200-gr-1885301/p",
    "in_stock": true,
    "promo_text": null,
    "sku": "103721",
    "rating": 5,
    "description": null
  },
  {
    "id": "101425",
    "name": "Pan Proteínas Mestemacher Zanahoria 250 g",
    "brand": "Mestemacher",
    "category": "panaderia-y-pasteleria",
    "price": 3390,
    "price_original": null,
    "currency": "CLP",
    "size": null,
    "unit_price": 13560,
    "image_url": "https://jumbocl.vteximg.com.br/arquivos/ids/313573-250-250/Pan-proteinas-zanahoria-250-g.jpg?v=638776399971470000",
    "productUrl": "https://www.jumbo.cl/pan-mestemacher-proteinas-zanahoria-250g-1869930/p",
    "in_stock": true,
    "promo_text": null,
    "sku": "101425",
    "rating": null,
    "description": null
  },
  {
    "id": "72503",
    "name": "Queque Brownie Nutra Bien Sin Azúcar 250 g",
    "brand": "Nutra Bien",
    "category": "panaderia-y-pasteleria",
    "price": 2290,
    "price_original": 2790,
    "currency": "CLP",
    "size": null,
    "unit_price": 9160,
    "image_url": "https://jumbocl.vteximg.com.br/arquivos/ids/310103-250-250/Queque-Nutra-Bien-Brownie-Sin-Azucar-250-g.jpg?v=638776390910970000",
    "productUrl": "https://www.jumbo.cl/queque-brownie-sin-azucar-250-gramos/p",
    "in_stock": true,
    "promo_text": null,
    "sku": "72503",
    "rating": 4,
    "description": null
  },
  {
    "id": "57094",
    "name": "Pan Pita Spagnolia Integral 300 g 8 un.",
    "brand": "Spagnolia",
    "category": "panaderia-y-pasteleria",
    "price": 1290,
    "price_original": 1490,
    "currency": "CLP",
    "size": null,
    "unit_price": null,
    "image_url": "https://jumbocl.vteximg.com.br/arquivos/ids/360129-250-250/Pan-pita-integral-8-un-300-g.jpg?v=638776731270300000",
    "productUrl": "https://www.jumbo.cl/pan-pita-integral-spagnolia-8-un/p",
    "in_stock": true,
    "promo_text": null,
    "sku": "57094",
    "rating": 3.8,
    "description": null
  },
  {
    "id": "139524",
    "name": "Pan de Chocolate 4 un.",
    "brand": "Cuisine & Co",
    "category": "panaderia-y-pasteleria",
    "price": 2990,
    "price_original": null,
    "currency": "CLP",
    "size": null,
    "unit_price": null,
    "image_url": "https://jumbocl.vteximg.com.br/arquivos/ids/331847-250-250/Pan-de-Chocolate-Hamburgo-4-un.jpg?v=638776433516100000",
    "productUrl": "https://www.jumbo.cl/pan-de-chocolate-hb-4un-1996120/p",
    "in_stock": true,
    "promo_text": null,
    "sku": "139524",
    "rating": null,
    "description": null
  },
  {
    "id": "127223",
    "name": "Tortilla Fajita 300 g 10 un.",
    "brand": "Cuisine & Co",
    "category": "panaderia-y-pasteleria",
    "price": 1990,
    "price_original": null,
    "currency": "CLP",
    "size": null,
    "unit_price": null,
    "image_url": "https://jumbocl.vteximg.com.br/arquivos/ids/319257-250-250/Tortilla-Fajita-10-un.jpg?v=638776417104530000",
    "productUrl": "https://www.jumbo.cl/tortilla-fajita-10-un-cuisine-and-co-1951502/p",
    "in_stock": true,
    "promo_text": "Paga $1.194",
    "sku": "127223",
    "rating": 5,
    "description": null
  },
  {
    "id": "81778",
    "name": "Pan Pascua Cuisine & Co Stevia 500 g",
    "brand": "Cuisine & Co",
    "category": "panaderia-y-pasteleria",
    "price": 4990,
    "price_original": null,
    "currency": "CLP",
    "size": null,
    "unit_price": 9980,
    "image_url": "https://jumbocl.vteximg.com.br/arquivos/ids/364777-250-250/Pan-de-Pascua-con-stevia-500-g.jpg?v=638776755544770000",
    "productUrl": "https://www.jumbo.cl/pan-de-pascua-con-stevia-500-g-cuisine-and-co-1801200/p",
    "in_stock": true,
    "promo_text": null,
    "sku": "81778",
    "rating": 4.6,
    "description": null
  },
  {
    "id": "148756",
    "name": "Galletas Lengua de Gato 200 g",
    "brand": "Pulmahue",
    "category": "panaderia-y-pasteleria",
    "price": 1990,
    "price_original": null,
    "currency": "CLP",
    "size": null,
    "unit_price": null,
    "image_url": "https://jumbocl.vteximg.com.br/arquivos/ids/417129-250-250/Galletas-lengua-de-gato-200-g.jpg?v=638804096321700000",
    "productUrl": "https://www.jumbo.cl/galletas-lengua-de-gato-200-g-1839387/p",
    "in_stock": true,
    "promo_text": null,
    "sku": "148756",
    "rating": 4.5,
    "description": null
  },
  {
    "id": "22943",
    "name": "Queque Brazo de Reina Danesita Relleno Vainilla 300 g",
    "brand": "Danesita",
    "category": "panaderia-y-pasteleria",
    "price": 2890,
    "price_original": null,
    "currency": "CLP",
    "size": null,
    "unit_price": 9633,
    "image_url": "https://jumbocl.vteximg.com.br/arquivos/ids/304773-250-250/Queque-Brazo-de-Reina-Danesita-Relleno-Vainilla-300-g.jpg?v=638776380503870000",
    "productUrl": "https://www.jumbo.cl/swiss-rolls-danesita-relleno-vainilla-300-g/p",
    "in_stock": true,
    "promo_text": null,
    "sku": "22943",
    "rating": 5,
    "description": null
  },
  {
    "id": "22800",
    "name": "Pan Molde Vollkorn Centeno Superior 500 g",
    "brand": "Vollkorn",
    "category": "panaderia-y-pasteleria",
    "price": 3790,
    "price_original": null,
    "currency": "CLP",
    "size": null,
    "unit_price": 7580,
    "image_url": "https://jumbocl.vteximg.com.br/arquivos/ids/304873-250-250/Pan-de-molde-centeno-superior-500-g.jpg?v=638776380756200000",
    "productUrl": "https://www.jumbo.cl/pan-de-molde-centeno-libre-de-lactosa-vollkorn-350-g/p",
    "in_stock": true,
    "promo_text": null,
    "sku": "22800",
    "rating": 5,
    "description": null
  },
  {
    "id": "73744",
    "name": "Delicia Frambuesa Pulmahue",
    "brand": "Pulmahue",
    "category": "panaderia-y-pasteleria",
    "price": 3090,
    "price_original": null,
    "currency": "CLP",
    "size": null,
    "unit_price": null,
    "image_url": "https://jumbocl.vteximg.com.br/arquivos/ids/362666-250-250/Delicia-frambuesa-Pulmahue.jpg?v=638776744307430000",
    "productUrl": "https://www.jumbo.cl/delicia-frambuesa/p",
    "in_stock": true,
    "promo_text": null,
    "sku": "73744",
    "rating": 4.7,
    "description": null
  },
  {
    "id": "9055",
    "name": "Pan Molde Vollkorn Centeno Multicereal 500 g",
    "brand": "Vollkorn",
    "category": "panaderia-y-pasteleria",
    "price": 3590,
    "price_original": null,
    "currency": "CLP",
    "size": null,
    "unit_price": 7180,
    "image_url": "https://jumbocl.vteximg.com.br/arquivos/ids/301184-250-250/Pan-de-molde-centeno-multicereal-500-g.jpg?v=638776374622730000",
    "productUrl": "https://www.jumbo.cl/pan-de-molde-centeno-vollkorn-bolsa-500-g-mul/p",
    "in_stock": true,
    "promo_text": null,
    "sku": "9055",
    "rating": null,
    "description": null
  },
  {
    "id": "103717",
    "name": "Mini Queque Nutrisa Vainilla Sin Sellos 5 un.",
    "brand": "Nutrisa",
    "category": "panaderia-y-pasteleria",
    "price": 2690,
    "price_original": null,
    "currency": "CLP",
    "size": null,
    "unit_price": 10760,
    "image_url": "https://jumbocl.vteximg.com.br/arquivos/ids/314212-250-250/Mini-Queque-Nutrisa-Vainilla-50-g-5-un.jpg?v=638776401458370000",
    "productUrl": "https://www.jumbo.cl/pack-mini-queque-vainilla-s-sellos-250-g-1885300/p",
    "in_stock": true,
    "promo_text": null,
    "sku": "103717",
    "rating": 5,
    "description": null
  },
  {
    "id": "43272",
    "name": "Pan Rallado Ideal XL 250 g",
    "brand": "Ideal",
    "category": "panaderia-y-pasteleria",
    "price": 1490,
    "price_original": null,
    "currency": "CLP",
    "size": null,
    "unit_price": 5960,
    "image_url": "https://jumbocl.vteximg.com.br/arquivos/ids/307422-250-250/Pan-Rallado-Ideal-XL-250-g.jpg?v=638776384716930000",
    "productUrl": "https://www.jumbo.cl/pan-rallado-ideal-250-g/p",
    "in_stock": true,
    "promo_text": null,
    "sku": "43272",
    "rating": 5,
    "description": null
  },
  {
    "id": "156743",
    "name": "Pan de Molde Integral Multigrano Proteína 620 g",
    "brand": "Castaño",
    "category": "panaderia-y-pasteleria",
    "price": 2790,
    "price_original": null,
    "currency": "CLP",
    "size": null,
    "unit_price": 4500,
    "image_url": "https://jumbocl.vteximg.com.br/arquivos/ids/509756-250-250/MOLDE-MULTIGRANO-PROTEINA-620G.jpg?v=638936271671930000",
    "productUrl": "https://www.jumbo.cl/molde-multigrano-proteina-620g-2049375/p",
    "in_stock": true,
    "promo_text": null,
    "sku": "156743",
    "rating": null,
    "description": null
  },
  {
    "id": "57410",
    "name": "Pan Parrillero Castaño 330 g 12 un.",
    "brand": "Castaño",
    "category": "panaderia-y-pasteleria",
    "price": 2350,
    "price_original": null,
    "currency": "CLP",
    "size": null,
    "unit_price": 7121,
    "image_url": "https://jumbocl.vteximg.com.br/arquivos/ids/417583-250-250/Pan-Parrillero-Casta%C3%B1o-330-g-12-un.jpg?v=638804971283270000",
    "productUrl": "https://www.jumbo.cl/pan-parrillero-castano-330-gr-12-un/p",
    "in_stock": true,
    "promo_text": null,
    "sku": "57410",
    "rating": 4.6,
    "description": null
  },
  {
    "id": "88097",
    "name": "Queque Pulmahue Nuez",
    "brand": "Pulmahue",
    "category": "panaderia-y-pasteleria",
    "price": 2590,
    "price_original": null,
    "currency": "CLP",
    "size": null,
    "unit_price": null,
    "image_url": "https://jumbocl.vteximg.com.br/arquivos/ids/366270-250-250/Queque-nuez.jpg?v=638776762761470000",
    "productUrl": "https://www.jumbo.cl/queque-nuez-pulmahue/p",
    "in_stock": true,
    "promo_text": null,
    "sku": "88097",
    "rating": 5,
    "description": null
  },
  {
    "id": "8953",
    "name": "Crostini Vollkorn Orégano Al Oliva 100 g",
    "brand": "Vollkorn",
    "category": "panaderia-y-pasteleria",
    "price": 2630,
    "price_original": null,
    "currency": "CLP",
    "size": null,
    "unit_price": 14216,
    "image_url": "https://jumbocl.vteximg.com.br/arquivos/ids/301011-250-250/Crostini-oregano-al-oliva-100-g.jpg?v=638776374364300000",
    "productUrl": "https://www.jumbo.cl/mini-tostadas-vollkorn-185-g-crostini/p",
    "in_stock": true,
    "promo_text": null,
    "sku": "8953",
    "rating": null,
    "description": null
  },
  {
    "id": "134398",
    "name": "Pan Dulce Don Enrique Deubel 1 kg",
    "brand": "Deubel",
    "category": "panaderia-y-pasteleria",
    "price": 24990,
    "price_original": null,
    "currency": "CLP",
    "size": null,
    "unit_price": 24990,
    "image_url": "https://jumbocl.vteximg.com.br/arquivos/ids/403054-250-250/PAN-DULCE-DON-ENRIQUE-DEUBEL-1KG.jpg?v=638776909860230000",
    "productUrl": "https://www.jumbo.cl/pan-dulce-don-enrique-deubel-1kg-1985437/p",
    "in_stock": true,
    "promo_text": null,
    "sku": "134398",
    "rating": null,
    "description": null
  },
  {
    "id": "22785",
    "name": "Pan Integral Mestemacher Centeno Orgánico 500 g",
    "brand": "Mestemacher",
    "category": "panaderia-y-pasteleria",
    "price": 3690,
    "price_original": null,
    "currency": "CLP",
    "size": null,
    "unit_price": 7380,
    "image_url": "https://jumbocl.vteximg.com.br/arquivos/ids/304753-250-250/Pan-integral-de-Centeno-organico-500-g.jpg?v=638776380471100000",
    "productUrl": "https://www.jumbo.cl/pan-organico-tres-granos-mestemacher-500-g/p",
    "in_stock": true,
    "promo_text": null,
    "sku": "22785",
    "rating": 4.8,
    "description": null
  },
  {
    "id": "9059",
    "name": "Pan Molde Vollkorn Integral Schrotbrot 550 g",
    "brand": "Vollkorn",
    "category": "panaderia-y-pasteleria",
    "price": 3170,
    "price_original": null,
    "currency": "CLP",
    "size": null,
    "unit_price": 5764,
    "image_url": "https://jumbocl.vteximg.com.br/arquivos/ids/301246-250-250/Pan-de-molde-integral-Schrotbrot-550-g.jpg?v=638776374700730000",
    "productUrl": "https://www.jumbo.cl/pan-de-molde-integral-vollkorn-bolsa-550-g-sc/p",
    "in_stock": true,
    "promo_text": null,
    "sku": "9059",
    "rating": null,
    "description": null
  },
  {
    "id": "81876",
    "name": "Pan Molde Vollkorn Integral Light 550 g",
    "brand": "Vollkorn",
    "category": "panaderia-y-pasteleria",
    "price": 3690,
    "price_original": null,
    "currency": "CLP",
    "size": null,
    "unit_price": 6709,
    "image_url": "https://jumbocl.vteximg.com.br/arquivos/ids/311158-250-250/Pan-de-molde-integral-light-550-g.jpg?v=638776393061600000",
    "productUrl": "https://www.jumbo.cl/pan-integral-light-vollkorn-550-gr/p",
    "in_stock": true,
    "promo_text": null,
    "sku": "81876",
    "rating": null,
    "description": null
  },
  {
    "id": "149333",
    "name": "Queque Nutrisa Relleno con Manjar sin Sellos 4 un.",
    "brand": "Nutrisa",
    "category": "panaderia-y-pasteleria",
    "price": 2290,
    "price_original": null,
    "currency": "CLP",
    "size": null,
    "unit_price": null,
    "image_url": "https://jumbocl.vteximg.com.br/arquivos/ids/436196-250-250/Queque-Nutrisa-Relleno-Manjar-Sin-Sellos-4-un.jpg?v=638827842003170000",
    "productUrl": "https://www.jumbo.cl/queque-relleno-man-2028711/p",
    "in_stock": true,
    "promo_text": null,
    "sku": "149333",
    "rating": null,
    "description": null
  },
  {
    "id": "8939",
    "name": "Mini Tostadas Castaño Integrales 90 g",
    "brand": "Castaño",
    "category": "panaderia-y-pasteleria",
    "price": 2590,
    "price_original": null,
    "currency": "CLP",
    "size": null,
    "unit_price": 28778,
    "image_url": "https://jumbocl.vteximg.com.br/arquivos/ids/349614-250-250/Mini-tostadas-integrales-90-g.jpg?v=638776677676630000",
    "productUrl": "https://www.jumbo.cl/mini-tostadas-integral-castano-bolsa-90-g/p",
    "in_stock": true,
    "promo_text": null,
    "sku": "8939",
    "rating": 5,
    "description": null
  },
  {
    "id": "113118",
    "name": "Pan Tostado Valentina Cebolla 150 g",
    "brand": "Valentina",
    "category": "panaderia-y-pasteleria",
    "price": 1690,
    "price_original": null,
    "currency": "CLP",
    "size": null,
    "unit_price": 11267,
    "image_url": "https://jumbocl.vteximg.com.br/arquivos/ids/315837-250-250/Pan-tostado-cebolla-150-g.jpg?v=638776406579030000",
    "productUrl": "https://www.jumbo.cl/pan-tostado-valentina-cebolla-150gr-1923740/p",
    "in_stock": true,
    "promo_text": null,
    "sku": "113118",
    "rating": 5,
    "description": null
  },
  {
    "id": "8990",
    "name": "Pre Pizza Ideal Clásica 500 g 2 un.",
    "brand": "Ideal",
    "category": "panaderia-y-pasteleria",
    "price": 1790,
    "price_original": 2490,
    "currency": "CLP",
    "size": null,
    "unit_price": 3580,
    "image_url": "https://jumbocl.vteximg.com.br/arquivos/ids/349647-250-250/Pre-pizza-clasica-2-un-500-g.jpg?v=638776677898730000",
    "productUrl": "https://www.jumbo.cl/pre-pizza-ideal-pack-2-unid-500-g/p",
    "in_stock": true,
    "promo_text": null,
    "sku": "8990",
    "rating": 3,
    "description": null
  },
  {
    "id": "92685",
    "name": "Pack Calentador Saniito + 2 Paquetes de Tortillas 17 cm 8 un.",
    "brand": "Saniito",
    "category": "panaderia-y-pasteleria",
    "price": 7990,
    "price_original": null,
    "currency": "CLP",
    "size": null,
    "unit_price": null,
    "image_url": "https://jumbocl.vteximg.com.br/arquivos/ids/367786-250-250/Pack-calentador-Tortilla-17-cm-2-172026402.jpg?v=638776769461230000",
    "productUrl": "https://www.jumbo.cl/pack-calentador-tortilla-17-cm/p",
    "in_stock": true,
    "promo_text": null,
    "sku": "92685",
    "rating": 5,
    "description": null
  },
  {
    "id": "9117",
    "name": "Pan Pita Castaño Multigrano 300 g 8 un.",
    "brand": "Castaño",
    "category": "panaderia-y-pasteleria",
    "price": 1590,
    "price_original": 1830,
    "currency": "CLP",
    "size": null,
    "unit_price": 5300,
    "image_url": "https://jumbocl.vteximg.com.br/arquivos/ids/301015-250-250/Pan-Pita-Casta%C3%B1o-Multigrano-300-g-8-un.jpg?v=638776374374170000",
    "productUrl": "https://www.jumbo.cl/pan-pita-multigrano-castano-bolsa-300-g-8-uni/p",
    "in_stock": true,
    "promo_text": null,
    "sku": "9117",
    "rating": 5,
    "description": null
  },
  {
    "id": "144994",
    "name": "Eclair Jumbo Plátano y Nuez 3 un.",
    "brand": "Jumbo Artesanal",
    "category": "panaderia-y-pasteleria",
    "price": 5990,
    "price_original": null,
    "currency": "CLP",
    "size": null,
    "unit_price": null,
    "image_url": "https://jumbocl.vteximg.com.br/arquivos/ids/430492-250-250/Eclair-Jumbo-Platano-y-Nuez-3-un.jpg?v=638819684423530000",
    "productUrl": "https://www.jumbo.cl/eclair-plat-nuez/p",
    "in_stock": true,
    "promo_text": null,
    "sku": "144994",
    "rating": null,
    "description": null
  },
  {
    "id": "82546",
    "name": "Pan Molde Castaño Dúo XL 760 g",
    "brand": "Castaño",
    "category": "panaderia-y-pasteleria",
    "price": 2990,
    "price_original": null,
    "currency": "CLP",
    "size": null,
    "unit_price": 3934,
    "image_url": "https://jumbocl.vteximg.com.br/arquivos/ids/445304-250-250/Pan-Molde-Casta%C3%B1o-Duo-XL-760-g.jpg?v=638838833856870000",
    "productUrl": "https://www.jumbo.cl/pan-de-molde-duo-xl-760-g/p",
    "in_stock": true,
    "promo_text": null,
    "sku": "82546",
    "rating": 4.9,
    "description": null
  },
  {
    "id": "113114",
    "name": "Pan Tostado Valentina Romero 150 g",
    "brand": "Valentina",
    "category": "panaderia-y-pasteleria",
    "price": 1690,
    "price_original": null,
    "currency": "CLP",
    "size": null,
    "unit_price": 11267,
    "image_url": "https://jumbocl.vteximg.com.br/arquivos/ids/315813-250-250/Pan-tostado-romero-150-g.jpg?v=638776406500970000",
    "productUrl": "https://www.jumbo.cl/pan-tostado-valentina-romero-150gr-1923739/p",
    "in_stock": true,
    "promo_text": null,
    "sku": "113114",
    "rating": 5,
    "description": null
  },
  {
    "id": "89315",
    "name": "Strudel Sin Azúcar 600 g",
    "brand": "El Uslero",
    "category": "panaderia-y-pasteleria",
    "price": 9190,
    "price_original": null,
    "currency": "CLP",
    "size": null,
    "unit_price": 15317,
    "image_url": "https://jumbocl.vteximg.com.br/arquivos/ids/367074-250-250/Strudel-sin-az-car-600-g-1-24460696.jpg?v=638776766214470000",
    "productUrl": "https://www.jumbo.cl/strudel-sin-azucar-el-uslero-600-gr/p",
    "in_stock": true,
    "promo_text": null,
    "sku": "89315",
    "rating": 3.9,
    "description": null
  },
  {
    "id": "72520",
    "name": "Tortilla Ideal Rapiditas m 200 g 8 un.",
    "brand": "Ideal",
    "category": "panaderia-y-pasteleria",
    "price": 1790,
    "price_original": null,
    "currency": "CLP",
    "size": null,
    "unit_price": 8950,
    "image_url": "https://jumbocl.vteximg.com.br/arquivos/ids/362522-250-250/Tortillas-Rapiditas-M-8-un-200-g.jpg?v=638776743485000000",
    "productUrl": "https://www.jumbo.cl/tortillas-rapiditas-ideal-200-gr/p",
    "in_stock": true,
    "promo_text": null,
    "sku": "72520",
    "rating": 4.7,
    "description": null
  },
  {
    "id": "122068",
    "name": "Cheesecake Frambuesa Crostata",
    "brand": "Cuisine & Co",
    "category": "panaderia-y-pasteleria",
    "price": 10990,
    "price_original": null,
    "currency": "CLP",
    "size": null,
    "unit_price": null,
    "image_url": "https://jumbocl.vteximg.com.br/arquivos/ids/387756-250-250/CHEESECAKE-FRAMBUESA-CROSTATA.jpg?v=638776853093970000",
    "productUrl": "https://www.jumbo.cl/cheesecake-frambuesa-crostata-1937140/p",
    "in_stock": true,
    "promo_text": null,
    "sku": "122068",
    "rating": 5,
    "description": null
  },
  {
    "id": "95783",
    "name": "Masa Pre Pizza Nutrisa Sin Gluten 275 g",
    "brand": "No+Gluten",
    "category": "panaderia-y-pasteleria",
    "price": 2750,
    "price_original": null,
    "currency": "CLP",
    "size": null,
    "unit_price": 10000,
    "image_url": "https://jumbocl.vteximg.com.br/arquivos/ids/312729-250-250/Pre-Pizza-Sin-Gluten-275-g.jpg?v=638776397404530000",
    "productUrl": "https://www.jumbo.cl/pre-pizza-no-gluten-nutrisa-275gr/p",
    "in_stock": true,
    "promo_text": null,
    "sku": "95783",
    "rating": 5,
    "description": null
  },
  {
    "id": "134333",
    "name": "Alfajor Dlilis Negro Papaya 150 g 3 un.",
    "brand": "Dlilis",
    "category": "panaderia-y-pasteleria",
    "price": 2990,
    "price_original": null,
    "currency": "CLP",
    "size": null,
    "unit_price": 19933,
    "image_url": "https://jumbocl.vteximg.com.br/arquivos/ids/512627-250-250/Alfajor-Negro-Papaya-Dlilis-150-g-3-un.jpg?v=638944438077970000",
    "productUrl": "https://www.jumbo.cl/alfajor-negro-papaya-dlilis-3un-150g-1975832/p",
    "in_stock": true,
    "promo_text": null,
    "sku": "134333",
    "rating": 5,
    "description": null
  },
  {
    "id": "8951",
    "name": "Grissini Schar Sin Gluten 150 g",
    "brand": "Schar",
    "category": "panaderia-y-pasteleria",
    "price": 5990,
    "price_original": null,
    "currency": "CLP",
    "size": null,
    "unit_price": 39933,
    "image_url": "https://jumbocl.vteximg.com.br/arquivos/ids/349619-250-250/Grissini-sin-gluten-150-g.jpg?v=638776677696170000",
    "productUrl": "https://www.jumbo.cl/grissini-schar-sin-gluten-250-g/p",
    "in_stock": true,
    "promo_text": null,
    "sku": "8951",
    "rating": 5,
    "description": null
  },
  {
    "id": "108687",
    "name": "Surtido Galletas 250 g",
    "brand": "Dulzuras Sureñas",
    "category": "panaderia-y-pasteleria",
    "price": 5190,
    "price_original": null,
    "currency": "CLP",
    "size": null,
    "unit_price": 20760,
    "image_url": "https://jumbocl.vteximg.com.br/arquivos/ids/376953-250-250/Surtido-de-galletas-250-g.jpg?v=638776809729600000",
    "productUrl": "https://www.jumbo.cl/surtido-galletas-dulzuras-surenas-250gr-1902466/p",
    "in_stock": true,
    "promo_text": null,
    "sku": "108687",
    "rating": 5,
    "description": null
  },
  {
    "id": "43691",
    "name": "Pan de Hamburguesa Castaño Brioche XL 660 g 8 un.",
    "brand": "Castaño",
    "category": "panaderia-y-pasteleria",
    "price": 3690,
    "price_original": null,
    "currency": "CLP",
    "size": null,
    "unit_price": 5591,
    "image_url": "https://jumbocl.vteximg.com.br/arquivos/ids/307428-250-250/Pan-Hamburguesa-Casta%C3%B1o-Brioche-XL-660-g-8-un.jpg?v=638776384740400000",
    "productUrl": "https://www.jumbo.cl/pan-hamburguesa-castano-brioche-660-g/p",
    "in_stock": true,
    "promo_text": null,
    "sku": "43691",
    "rating": 5,
    "description": null
  },
  {
    "id": "138628",
    "name": "Queque Limón Aguas de Piedra 225 g",
    "brand": "Agua de Piedra",
    "category": "panaderia-y-pasteleria",
    "price": 1990,
    "price_original": null,
    "currency": "CLP",
    "size": null,
    "unit_price": 8844,
    "image_url": "https://jumbocl.vteximg.com.br/arquivos/ids/329874-250-250/QUEQUE-LIMON-ADP-225G.jpg?v=638776432035170000",
    "productUrl": "https://www.jumbo.cl/queque-limon-adp-225g-1993354/p",
    "in_stock": true,
    "promo_text": null,
    "sku": "138628",
    "rating": 5,
    "description": null
  },
  {
    "id": "126083",
    "name": "Alfajor Santafesino Deubel 4 un.",
    "brand": "Deubel",
    "category": "panaderia-y-pasteleria",
    "price": 3390,
    "price_original": null,
    "currency": "CLP",
    "size": null,
    "unit_price": null,
    "image_url": "https://jumbocl.vteximg.com.br/arquivos/ids/391616-250-250/ALFAJOR-SANTAFESINO-DEUBEL-4-UN.jpg?v=638776868337000000",
    "productUrl": "https://www.jumbo.cl/alfajor-santafesino-deubel-4-un-1949973/p",
    "in_stock": true,
    "promo_text": null,
    "sku": "126083",
    "rating": 5,
    "description": null
  },
  {
    "id": "95782",
    "name": "Tortillas Nutrisa Sin Gluten 260 g 8 un.",
    "brand": "No+Gluten",
    "category": "panaderia-y-pasteleria",
    "price": 2690,
    "price_original": null,
    "currency": "CLP",
    "size": null,
    "unit_price": 10346,
    "image_url": "https://jumbocl.vteximg.com.br/arquivos/ids/312713-250-250/Tortilla-Sin-Gluten-260-g.jpg?v=638776397365400000",
    "productUrl": "https://www.jumbo.cl/tortilla-no-gluten-nutrisa-260gr/p",
    "in_stock": true,
    "promo_text": null,
    "sku": "95782",
    "rating": 3.5,
    "description": null
  },
  {
    "id": "115602",
    "name": "Pan Molde Schar Blanco Sin Gluten 200 g",
    "brand": "Schar",
    "category": "panaderia-y-pasteleria",
    "price": 4090,
    "price_original": null,
    "currency": "CLP",
    "size": null,
    "unit_price": 20450,
    "image_url": "https://jumbocl.vteximg.com.br/arquivos/ids/381474-250-250/PAN-MOLDE-BLANCO-SCHAR-S-GLUTEN-200.jpg?v=638776827157930000",
    "productUrl": "https://www.jumbo.cl/pan-molde-blanco-schar-s-gluten-200-1921247/p",
    "in_stock": true,
    "promo_text": null,
    "sku": "115602",
    "rating": 5,
    "description": null
  },
  {
    "id": "22829",
    "name": "Pan Amasado Pilmayquen 480 g",
    "brand": "Pilmayquén",
    "category": "panaderia-y-pasteleria",
    "price": 2650,
    "price_original": null,
    "currency": "CLP",
    "size": null,
    "unit_price": 5521,
    "image_url": "https://jumbocl.vteximg.com.br/arquivos/ids/304760-250-250/Pan-Amasado-Pilmayquen-480-g.jpg?v=638776380483600000",
    "productUrl": "https://www.jumbo.cl/pan-amasado-pilmayquen-480-g/p",
    "in_stock": true,
    "promo_text": null,
    "sku": "22829",
    "rating": 4.2,
    "description": null
  },
  {
    "id": "118286",
    "name": "Marraqueta Dilici Sin Gluten 400 g",
    "brand": "Dilici",
    "category": "panaderia-y-pasteleria",
    "price": 4890,
    "price_original": null,
    "currency": "CLP",
    "size": null,
    "unit_price": 12225,
    "image_url": "https://jumbocl.vteximg.com.br/arquivos/ids/383641-250-250/Marraqueta-sin-gluten-400-g.jpg?v=638776836565470000",
    "productUrl": "https://www.jumbo.cl/marraqueta-sin-gluten-dilici-400g-1930857/p",
    "in_stock": true,
    "promo_text": null,
    "sku": "118286",
    "rating": 5,
    "description": null
  },
  {
    "id": "9056",
    "name": "Pan Molde Vollkorn Centeno Grob 750 g",
    "brand": "Vollkorn",
    "category": "panaderia-y-pasteleria",
    "price": 3970,
    "price_original": null,
    "currency": "CLP",
    "size": null,
    "unit_price": 5293,
    "image_url": "https://jumbocl.vteximg.com.br/arquivos/ids/301206-250-250/Pan-de-molde-centeno-Grob-750-g.jpg?v=638776374649300000",
    "productUrl": "https://www.jumbo.cl/pan-de-molde-centeno-vollkorn-bolsa-750-g-gro/p",
    "in_stock": true,
    "promo_text": null,
    "sku": "9056",
    "rating": 4.7,
    "description": null
  },
  {
    "id": "22786",
    "name": "Pan Centeno Mestemacher Orgánico con Avena y Cebada 500 g",
    "brand": "Mestemacher",
    "category": "panaderia-y-pasteleria",
    "price": 3290,
    "price_original": null,
    "currency": "CLP",
    "size": null,
    "unit_price": 6580,
    "image_url": "https://jumbocl.vteximg.com.br/arquivos/ids/304771-250-250/Pan-de-Centeno-organico-con-avena-y-cebada-500-g.jpg?v=638776380503130000",
    "productUrl": "https://www.jumbo.cl/pan-organico-tres-granos-mestemacher-500-g-2/p",
    "in_stock": true,
    "promo_text": null,
    "sku": "22786",
    "rating": 4.5,
    "description": null
  },
  {
    "id": "125907",
    "name": "Bizcocho Nutra Bien Brownie 62 g",
    "brand": "Ideal",
    "category": "panaderia-y-pasteleria",
    "price": 1090,
    "price_original": null,
    "currency": "CLP",
    "size": null,
    "unit_price": 17581,
    "image_url": "https://jumbocl.vteximg.com.br/arquivos/ids/391432-250-250/NUTRA-BIEN-BROWNIE-62G.jpg?v=638776867648630000",
    "productUrl": "https://www.jumbo.cl/nutra-bien-brownie-62g-1961089/p",
    "in_stock": true,
    "promo_text": null,
    "sku": "125907",
    "rating": null,
    "description": null
  },
  {
    "id": "9053",
    "name": "Pan Molde Vollkorn Centeno Roggenbrot 600 g",
    "brand": "Vollkorn",
    "category": "panaderia-y-pasteleria",
    "price": 3490,
    "price_original": null,
    "currency": "CLP",
    "size": null,
    "unit_price": 5817,
    "image_url": "https://jumbocl.vteximg.com.br/arquivos/ids/301126-250-250/Pan-de-molde-centeno-Roggenbrot-600-g.jpg?v=638776374565830000",
    "productUrl": "https://www.jumbo.cl/pan-de-molde-centeno-vollkorn-600-g-roggenbro/p",
    "in_stock": true,
    "promo_text": null,
    "sku": "9053",
    "rating": 3,
    "description": null
  },
  {
    "id": "144866",
    "name": "Brownie Castaño Sin Azúcar 4 un. 200 g",
    "brand": "Castaño",
    "category": "panaderia-y-pasteleria",
    "price": 2890,
    "price_original": 3290,
    "currency": "CLP",
    "size": null,
    "unit_price": 14450,
    "image_url": "https://jumbocl.vteximg.com.br/arquivos/ids/341372-250-250/Brownie-Casta%C3%B1o-Sin-Azucar-4-un-200-g.jpg?v=638776441661100000",
    "productUrl": "https://www.jumbo.cl/brownie-castano-sin-azucar-4un-200g-2019618/p",
    "in_stock": true,
    "promo_text": null,
    "sku": "144866",
    "rating": 5,
    "description": null
  },
  {
    "id": "126348",
    "name": "Hallulla Cuisine & Co Sin Sal 6 un.",
    "brand": "Cuisine & Co",
    "category": "panaderia-y-pasteleria",
    "price": 1590,
    "price_original": null,
    "currency": "CLP",
    "size": null,
    "unit_price": null,
    "image_url": "https://jumbocl.vteximg.com.br/arquivos/ids/391764-250-250/Hallulla-sin-sal-6-un.jpg?v=638776868905870000",
    "productUrl": "https://www.jumbo.cl/hallulla-sin-sal-6-un/p",
    "in_stock": true,
    "promo_text": "3 por 2 a $3.180",
    "sku": "126348",
    "rating": 5,
    "description": null
  },
  {
    "id": "135781",
    "name": "Palmeritas Mantequilla Deubel 200 g",
    "brand": "Deubel",
    "category": "panaderia-y-pasteleria",
    "price": 4990,
    "price_original": null,
    "currency": "CLP",
    "size": null,
    "unit_price": 24950,
    "image_url": "https://jumbocl.vteximg.com.br/arquivos/ids/325161-250-250/PALMERITAS-MANTEQUILLA-DEUBEL-200G.jpg?v=638776428174670000",
    "productUrl": "https://www.jumbo.cl/palmeritas-mantequilla-deubel-200g-1990372/p",
    "in_stock": true,
    "promo_text": null,
    "sku": "135781",
    "rating": 5,
    "description": null
  },
  {
    "id": "88098",
    "name": "Queque Pulmahue Vainilla",
    "brand": "Pulmahue",
    "category": "panaderia-y-pasteleria",
    "price": 2590,
    "price_original": null,
    "currency": "CLP",
    "size": null,
    "unit_price": null,
    "image_url": "https://jumbocl.vteximg.com.br/arquivos/ids/366277-250-250/Queque-vainilla-1-79456882.jpg?v=638776762789830000",
    "productUrl": "https://www.jumbo.cl/queque-vainilla-pulmahue/p",
    "in_stock": true,
    "promo_text": null,
    "sku": "88098",
    "rating": 5,
    "description": null
  },
  {
    "id": "144995",
    "name": "Eclair Jumbo Praliné de Almendras 3 un.",
    "brand": "Jumbo Artesanal",
    "category": "panaderia-y-pasteleria",
    "price": 5990,
    "price_original": null,
    "currency": "CLP",
    "size": null,
    "unit_price": null,
    "image_url": "https://jumbocl.vteximg.com.br/arquivos/ids/430481-250-250/Eclair-Jumbo-Praline-de-Almendras-3-un.jpg?v=638819684389370000",
    "productUrl": "https://www.jumbo.cl/eclair-pr-almendra/p",
    "in_stock": true,
    "promo_text": null,
    "sku": "144995",
    "rating": null,
    "description": null
  },
  {
    "id": "138634",
    "name": "Queque Vainilla Aguas de Piedra 225 g",
    "brand": "Agua de Piedra",
    "category": "panaderia-y-pasteleria",
    "price": 1990,
    "price_original": null,
    "currency": "CLP",
    "size": null,
    "unit_price": 8844,
    "image_url": "https://jumbocl.vteximg.com.br/arquivos/ids/330164-250-250/QUEQUE-VAINILLA-ADP-225G.jpg?v=638776432232330000",
    "productUrl": "https://www.jumbo.cl/queque-vainilla-adp-225g-1995572/p",
    "in_stock": true,
    "promo_text": null,
    "sku": "138634",
    "rating": null,
    "description": null
  },
  {
    "id": "207",
    "name": "Pan Rallado Castaño 250 g",
    "brand": "Castaño",
    "category": "panaderia-y-pasteleria",
    "price": 1390,
    "price_original": 1650,
    "currency": "CLP",
    "size": null,
    "unit_price": 5560,
    "image_url": "https://jumbocl.vteximg.com.br/arquivos/ids/297738-250-250/Pan-rallado-250-g.jpg?v=638775742758600000",
    "productUrl": "https://www.jumbo.cl/pan-rallado-castano-bolsa-250-g/p",
    "in_stock": true,
    "promo_text": null,
    "sku": "207",
    "rating": 4.8,
    "description": null
  },
  {
    "id": "138297",
    "name": "Pan Pita Ideal Integral Cero Cero 8 un.",
    "brand": "Ideal",
    "category": "panaderia-y-pasteleria",
    "price": 1790,
    "price_original": null,
    "currency": "CLP",
    "size": null,
    "unit_price": null,
    "image_url": "https://jumbocl.vteximg.com.br/arquivos/ids/329149-250-250/PAN-PITA-IDEAL-INTEGRAL-CERO-CERO-8UN.jpg?v=638776431540770000",
    "productUrl": "https://www.jumbo.cl/pan-pita-ideal-integral-cero-cero-8un-1996650/p",
    "in_stock": true,
    "promo_text": null,
    "sku": "138297",
    "rating": 5,
    "description": null
  },
  {
    "id": "22983",
    "name": "Strudel El Uslero 600 g",
    "brand": "El Uslero",
    "category": "panaderia-y-pasteleria",
    "price": 9290,
    "price_original": null,
    "currency": "CLP",
    "size": null,
    "unit_price": 15483,
    "image_url": "https://jumbocl.vteximg.com.br/arquivos/ids/354120-250-250/375057.jpg?v=638776700858000000",
    "productUrl": "https://www.jumbo.cl/strudel-el-uslero-800-g/p",
    "in_stock": true,
    "promo_text": null,
    "sku": "22983",
    "rating": 4.3,
    "description": null
  },
  {
    "id": "30938",
    "name": "Rolls Cubierto de Chocolates Danesita 300 g",
    "brand": "Danesita",
    "category": "panaderia-y-pasteleria",
    "price": 2890,
    "price_original": null,
    "currency": "CLP",
    "size": null,
    "unit_price": 9633,
    "image_url": "https://jumbocl.vteximg.com.br/arquivos/ids/306895-250-250/Rolls-Cubierto-de-Chocolates-Danesita-300-g.jpg?v=638776383375770000",
    "productUrl": "https://www.jumbo.cl/dan-cake-rolls-cubierto-de-chocolates-jumbo-300-g/p",
    "in_stock": true,
    "promo_text": null,
    "sku": "30938",
    "rating": 5,
    "description": null
  },
  {
    "id": "31641",
    "name": "Caja Ceregli Suk Zero 6 un.",
    "brand": "Suk",
    "category": "panaderia-y-pasteleria",
    "price": 5690,
    "price_original": null,
    "currency": "CLP",
    "size": null,
    "unit_price": null,
    "image_url": "https://jumbocl.vteximg.com.br/arquivos/ids/306865-250-250/Caja-Ceregli-zero-Suk-6-unid.jpg?v=638776383347870000",
    "productUrl": "https://www.jumbo.cl/ceregli-light-daccarett-6-unid-330-g/p",
    "in_stock": true,
    "promo_text": null,
    "sku": "31641",
    "rating": 5,
    "description": null
  },
  {
    "id": "57387",
    "name": "Pan Libanés Spagnolia Integral Chico 250 g 6 un.",
    "brand": "Spagnolia",
    "category": "panaderia-y-pasteleria",
    "price": 1490,
    "price_original": null,
    "currency": "CLP",
    "size": null,
    "unit_price": 5960,
    "image_url": "https://jumbocl.vteximg.com.br/arquivos/ids/360202-250-250/Pan-libanes-integral-chico-6-un-250-g.jpg?v=638776731626230000",
    "productUrl": "https://www.jumbo.cl/pan-libanes-spagnolia-integral-chico-6un/p",
    "in_stock": true,
    "promo_text": null,
    "sku": "57387",
    "rating": 5,
    "description": null
  },
  {
    "id": "57121",
    "name": "Pan Libanés Spagnolia Chico 250 g 6 un.",
    "brand": "Spagnolia",
    "category": "panaderia-y-pasteleria",
    "price": 1290,
    "price_original": 1490,
    "currency": "CLP",
    "size": null,
    "unit_price": 5160,
    "image_url": "https://jumbocl.vteximg.com.br/arquivos/ids/360151-250-250/Pan-libanes-chico-6-un-250-g.jpg?v=638776731361570000",
    "productUrl": "https://www.jumbo.cl/pan-libanes-spagnolia-chico-6un/p",
    "in_stock": true,
    "promo_text": null,
    "sku": "57121",
    "rating": 5,
    "description": null
  },
  {
    "id": "131506",
    "name": "Pan Molde Cuisine & Co Blanco Sin Gluten 480 g",
    "brand": "Cuisine & Co",
    "category": "panaderia-y-pasteleria",
    "price": 5190,
    "price_original": null,
    "currency": "CLP",
    "size": null,
    "unit_price": 10813,
    "image_url": "https://jumbocl.vteximg.com.br/arquivos/ids/320985-250-250/Molde-Blanco-Sin-Gluten-480-g.jpg?v=638776422202670000",
    "productUrl": "https://www.jumbo.cl/molde-blanco-s-gluten-cuisine-and-co-480g-1966040/p",
    "in_stock": true,
    "promo_text": null,
    "sku": "131506",
    "rating": 4.9,
    "description": null
  },
  {
    "id": "131919",
    "name": "Medialuna Cuisine & Co Vainilla Blíster 3 un.",
    "brand": "Cuisine & Co",
    "category": "panaderia-y-pasteleria",
    "price": 1690,
    "price_original": null,
    "currency": "CLP",
    "size": null,
    "unit_price": null,
    "image_url": "https://jumbocl.vteximg.com.br/arquivos/ids/321273-250-250/Medialuna-Hamburgo-Vainilla-Blister-3-un.jpg?v=638776422907830000",
    "productUrl": "https://www.jumbo.cl/media-luna-vainilla-blister-3-un-1975607/p",
    "in_stock": true,
    "promo_text": null,
    "sku": "131919",
    "rating": 5,
    "description": null
  },
  {
    "id": "104048",
    "name": "Pan Hot Dog Ideal 480 g",
    "brand": "Ideal",
    "category": "panaderia-y-pasteleria",
    "price": 2390,
    "price_original": null,
    "currency": "CLP",
    "size": null,
    "unit_price": 4979,
    "image_url": "https://jumbocl.vteximg.com.br/arquivos/ids/374269-250-250/Pan-hot-dog-480-g.jpg?v=638776798956330000",
    "productUrl": "https://www.jumbo.cl/pan-hot-dog-ideal-8-un-480-gr/p",
    "in_stock": true,
    "promo_text": null,
    "sku": "104048",
    "rating": 3.5,
    "description": null
  },
  {
    "id": "96564",
    "name": "Muffins Castaño Chocolate 250 g 2 un.",
    "brand": "Castaño",
    "category": "panaderia-y-pasteleria",
    "price": 2790,
    "price_original": 2990,
    "currency": "CLP",
    "size": null,
    "unit_price": 11160,
    "image_url": "https://jumbocl.vteximg.com.br/arquivos/ids/369393-250-250/Pack-muffin-2un-choco-casta-o-250-grs-1-208623085.jpg?v=638776777053600000",
    "productUrl": "https://www.jumbo.cl/pack-muffin-2un-choco-castano-250-grs/p",
    "in_stock": true,
    "promo_text": null,
    "sku": "96564",
    "rating": 5,
    "description": null
  },
  {
    "id": "22782",
    "name": "Pan Centeno Mestemacher con Müsli 300 g",
    "brand": "Mestemacher",
    "category": "panaderia-y-pasteleria",
    "price": 2890,
    "price_original": null,
    "currency": "CLP",
    "size": null,
    "unit_price": 9633,
    "image_url": "https://jumbocl.vteximg.com.br/arquivos/ids/304709-250-250/Pan-de-Centeno-con-musli-300-g.jpg?v=638776380391270000",
    "productUrl": "https://www.jumbo.cl/pan-mestermacher-m-sli-brot-300-g/p",
    "in_stock": true,
    "promo_text": null,
    "sku": "22782",
    "rating": null,
    "description": null
  },
  {
    "id": "142007",
    "name": "Alfajor Chocolate Deubel 4 un.",
    "brand": "Deubel",
    "category": "panaderia-y-pasteleria",
    "price": 3990,
    "price_original": null,
    "currency": "CLP",
    "size": null,
    "unit_price": null,
    "image_url": "https://jumbocl.vteximg.com.br/arquivos/ids/530001-250-250/ALFAJOR-CHOCOLATE-DEUBEL-4-UN.jpg?v=638969255434630000",
    "productUrl": "https://www.jumbo.cl/alfajor-chocolate-deubel-4-un-1949970/p",
    "in_stock": true,
    "promo_text": null,
    "sku": "142007",
    "rating": null,
    "description": null
  },
  {
    "id": "115600",
    "name": "Pan Molde Schar Rústico Sin Gluten 200 g",
    "brand": "Schar",
    "category": "panaderia-y-pasteleria",
    "price": 4090,
    "price_original": null,
    "currency": "CLP",
    "size": null,
    "unit_price": 20450,
    "image_url": "https://jumbocl.vteximg.com.br/arquivos/ids/381477-250-250/PAN-MOLDE-RUSTICO-SCHAR-S-GLUTEN-200G.jpg?v=638776827167300000",
    "productUrl": "https://www.jumbo.cl/pan-molde-rustico-schar-s-gluten-200g-1921248/p",
    "in_stock": true,
    "promo_text": null,
    "sku": "115600",
    "rating": 4.7,
    "description": null
  },
  {
    "id": "101424",
    "name": "Pan Proteínas Mestemacher Almendras 250 g",
    "brand": "Mestemacher",
    "category": "panaderia-y-pasteleria",
    "price": 3390,
    "price_original": null,
    "currency": "CLP",
    "size": null,
    "unit_price": 9686,
    "image_url": "https://jumbocl.vteximg.com.br/arquivos/ids/313563-250-250/Pan-proteinas-almendras-250-g.jpg?v=638776399945330000",
    "productUrl": "https://www.jumbo.cl/pan-mestemacher-proteinas-almendras-250g-1869931/p",
    "in_stock": true,
    "promo_text": null,
    "sku": "101424",
    "rating": null,
    "description": null
  },
  {
    "id": "101427",
    "name": "Pan Proteínas Mestemacher con Nueces 250 g",
    "brand": "Mestemacher",
    "category": "panaderia-y-pasteleria",
    "price": 3490,
    "price_original": null,
    "currency": "CLP",
    "size": null,
    "unit_price": 13960,
    "image_url": "https://jumbocl.vteximg.com.br/arquivos/ids/313601-250-250/Pan-proteinas-c-nueces-250-g.jpg?v=638776400026700000",
    "productUrl": "https://www.jumbo.cl/pan-mestemacher-proteinas-c-nueces-250gr-1869929/p",
    "in_stock": true,
    "promo_text": null,
    "sku": "101427",
    "rating": 5,
    "description": null
  },
  {
    "id": "77554",
    "name": "Pan de Hamburguesa Ideal Artesano 665 g 8 un.",
    "brand": "Ideal",
    "category": "panaderia-y-pasteleria",
    "price": 3690,
    "price_original": null,
    "currency": "CLP",
    "size": null,
    "unit_price": 5271,
    "image_url": "https://jumbocl.vteximg.com.br/arquivos/ids/310825-250-250/Pan-Hamburguesa-Ideal-Artesano-720-g-8-un.jpg?v=638776392331400000",
    "productUrl": "https://www.jumbo.cl/pan-artesano-hamburguesa-8-unid-720-g/p",
    "in_stock": true,
    "promo_text": null,
    "sku": "77554",
    "rating": 4.5,
    "description": null
  },
  {
    "id": "139986",
    "name": "Donuts Lotus 4 un.",
    "brand": "Duns",
    "category": "panaderia-y-pasteleria",
    "price": 4890,
    "price_original": null,
    "currency": "CLP",
    "size": null,
    "unit_price": null,
    "image_url": "https://jumbocl.vteximg.com.br/arquivos/ids/332523-250-250/Donuts-Lotus-4-un.jpg?v=638776434127900000",
    "productUrl": "https://www.jumbo.cl/donuts-lotus-4-un/p",
    "in_stock": true,
    "promo_text": null,
    "sku": "139986",
    "rating": 5,
    "description": null
  },
  {
    "id": "92026",
    "name": "Crutones Natural 100 g",
    "brand": "Leimer",
    "category": "panaderia-y-pasteleria",
    "price": 2290,
    "price_original": null,
    "currency": "CLP",
    "size": null,
    "unit_price": 22900,
    "image_url": "https://jumbocl.vteximg.com.br/arquivos/ids/312330-250-250/Crutones-natural-100-g.jpg?v=638776396155200000",
    "productUrl": "https://www.jumbo.cl/crutones-leimer-natural-500gr/p",
    "in_stock": true,
    "promo_text": null,
    "sku": "92026",
    "rating": 5,
    "description": null
  },
  {
    "id": "22987",
    "name": "Panettone Chocolate 400 g",
    "brand": "Bauducco",
    "category": "panaderia-y-pasteleria",
    "price": 6990,
    "price_original": null,
    "currency": "CLP",
    "size": null,
    "unit_price": 17475,
    "image_url": "https://jumbocl.vteximg.com.br/arquivos/ids/354131-250-250/Panettone-chocolate-400-g.jpg?v=638776700904330000",
    "productUrl": "https://www.jumbo.cl/panettone-bauducco-chocolate-400-g/p",
    "in_stock": true,
    "promo_text": null,
    "sku": "22987",
    "rating": 5,
    "description": null
  },
  {
    "id": "74537",
    "name": "Muffins Chocolate Piacceri 6 un.",
    "brand": "Piacceri",
    "category": "panaderia-y-pasteleria",
    "price": 7290,
    "price_original": null,
    "currency": "CLP",
    "size": null,
    "unit_price": null,
    "image_url": "https://jumbocl.vteximg.com.br/arquivos/ids/362956-250-250/Muffins-chocolate-Piacceri-6-unid-Jumbo-1-51532276.jpg?v=638776745784170000",
    "productUrl": "https://www.jumbo.cl/muffins-chocolate-piacceri-6-unid-jumbo/p",
    "in_stock": true,
    "promo_text": null,
    "sku": "74537",
    "rating": 4.3,
    "description": null
  },
  {
    "id": "77573",
    "name": "Pan de Pascua Naranja y Chocolate 800 g",
    "brand": "Cuisine & Co",
    "category": "panaderia-y-pasteleria",
    "price": 8990,
    "price_original": null,
    "currency": "CLP",
    "size": null,
    "unit_price": 11238,
    "image_url": "https://jumbocl.vteximg.com.br/arquivos/ids/363940-250-250/Pan-de-Pascua-naranja-y-chocolate-800-g.jpg?v=638776751303530000",
    "productUrl": "https://www.jumbo.cl/pan-de-pascua-naranja-y-chocolate-800-g-cuisine-and-co-1812273/p",
    "in_stock": true,
    "promo_text": null,
    "sku": "77573",
    "rating": 4.6,
    "description": null
  },
  {
    "id": "138294",
    "name": "Pan Pita Ideal Blanco Cero Cero 8 un.",
    "brand": "Ideal",
    "category": "panaderia-y-pasteleria",
    "price": 1790,
    "price_original": null,
    "currency": "CLP",
    "size": null,
    "unit_price": null,
    "image_url": "https://jumbocl.vteximg.com.br/arquivos/ids/329012-250-250/PAN-PITA-IDEAL-BLANCO-CERO-CERO-8UN.jpg?v=638776431452370000",
    "productUrl": "https://www.jumbo.cl/pan-pita-ideal-blanco-cero-cero-8un-1996649/p",
    "in_stock": true,
    "promo_text": null,
    "sku": "138294",
    "rating": null,
    "description": null
  },
  {
    "id": "142309",
    "name": "Pie de Frutos Rojos - Tavelli",
    "brand": "Tavelli",
    "category": "panaderia-y-pasteleria",
    "price": 17990,
    "price_original": null,
    "currency": "CLP",
    "size": null,
    "unit_price": null,
    "image_url": "https://jumbocl.vteximg.com.br/arquivos/ids/336818-250-250/Pie-de-Frutos-Rojos---Tavelli.jpg?v=638776437988730000",
    "productUrl": "https://www.jumbo.cl/pie-de-frutos-rojos-tavelli/p",
    "in_stock": true,
    "promo_text": null,
    "sku": "142309",
    "rating": 5,
    "description": null
  },
  {
    "id": "148730",
    "name": "Alfajor Pulmahue Maicena Manjar 5 un.",
    "brand": "Pulmahue",
    "category": "panaderia-y-pasteleria",
    "price": 2790,
    "price_original": null,
    "currency": "CLP",
    "size": null,
    "unit_price": null,
    "image_url": "https://jumbocl.vteximg.com.br/arquivos/ids/418814-250-250/ALFAJOR-MAICENA.jpg?v=638807937000170000",
    "productUrl": "https://www.jumbo.cl/alfajor-maicena-1957250/p",
    "in_stock": true,
    "promo_text": null,
    "sku": "148730",
    "rating": null,
    "description": null
  },
  {
    "id": "22897",
    "name": "Masa Hoja Saint Jacques Fresca 230 g 1 un.",
    "brand": "Saint Jacques",
    "category": "panaderia-y-pasteleria",
    "price": 3290,
    "price_original": null,
    "currency": "CLP",
    "size": null,
    "unit_price": 14304,
    "image_url": "https://jumbocl.vteximg.com.br/arquivos/ids/354095-250-250/445297.jpg?v=638776700734330000",
    "productUrl": "https://www.jumbo.cl/masa-tartaletas-y-guiches-saint-jacques-230-g/p",
    "in_stock": true,
    "promo_text": null,
    "sku": "22897",
    "rating": 5,
    "description": null
  },
  {
    "id": "93421",
    "name": "Pan Rallado Vollkorn Integral 500 g",
    "brand": "Vollkorn",
    "category": "panaderia-y-pasteleria",
    "price": 1750,
    "price_original": null,
    "currency": "CLP",
    "size": null,
    "unit_price": 3500,
    "image_url": "https://jumbocl.vteximg.com.br/arquivos/ids/312491-250-250/Pan-rallado-integral-500-g.jpg?v=638776396746730000",
    "productUrl": "https://www.jumbo.cl/pan-rallado-integral-500-g/p",
    "in_stock": true,
    "promo_text": null,
    "sku": "93421",
    "rating": 5,
    "description": null
  },
  {
    "id": "102049",
    "name": "Pan Landbrot Vollkorn 500 g",
    "brand": "Vollkorn",
    "category": "panaderia-y-pasteleria",
    "price": 3330,
    "price_original": null,
    "currency": "CLP",
    "size": null,
    "unit_price": 6660,
    "image_url": "https://jumbocl.vteximg.com.br/arquivos/ids/313837-250-250/Pan-landbrot-vollkorn-500-gr.jpg?v=638776400652000000",
    "productUrl": "https://www.jumbo.cl/pan-landbrot-vollkorn-500-gr-1877245/p",
    "in_stock": true,
    "promo_text": null,
    "sku": "102049",
    "rating": 5,
    "description": null
  },
  {
    "id": "139532",
    "name": "Donuts Pack Surtidas 4 un",
    "brand": "Duns",
    "category": "panaderia-y-pasteleria",
    "price": 3790,
    "price_original": null,
    "currency": "CLP",
    "size": null,
    "unit_price": null,
    "image_url": "https://jumbocl.vteximg.com.br/arquivos/ids/332012-250-250/Donuts-Pack-Surtidas-4-un.jpg?v=638776433706930000",
    "productUrl": "https://www.jumbo.cl/donuts-pack-surtidas-4un-1995329/p",
    "in_stock": true,
    "promo_text": null,
    "sku": "139532",
    "rating": null,
    "description": null
  },
  {
    "id": "56980",
    "name": "Pan Libanés Spagnolia 365 g 6 un.",
    "brand": "Spagnolia",
    "category": "panaderia-y-pasteleria",
    "price": 1750,
    "price_original": null,
    "currency": "CLP",
    "size": null,
    "unit_price": 4795,
    "image_url": "https://jumbocl.vteximg.com.br/arquivos/ids/360120-250-250/Pan-libanes-6-un-365-g.jpg?v=638776731227530000",
    "productUrl": "https://www.jumbo.cl/pan-libanes-365-g/p",
    "in_stock": true,
    "promo_text": null,
    "sku": "56980",
    "rating": 5,
    "description": null
  },
  {
    "id": "139801",
    "name": "Pan Molde Fuchs Calabaza Nuez 350 g",
    "brand": "Fuchs",
    "category": "panaderia-y-pasteleria",
    "price": 2390,
    "price_original": null,
    "currency": "CLP",
    "size": null,
    "unit_price": 6829,
    "image_url": "https://jumbocl.vteximg.com.br/arquivos/ids/332345-250-250/Pan-Molde-Fuchs-Calabaza-Nuez-350-g.jpg?v=638776433981630000",
    "productUrl": "https://www.jumbo.cl/pano-piso-vileda-colors-xl-microfibra-2005173/p",
    "in_stock": true,
    "promo_text": null,
    "sku": "139801",
    "rating": null,
    "description": null
  },
  {
    "id": "98258",
    "name": "Barquitas Vitacura 80 g",
    "brand": "Vitacura",
    "category": "panaderia-y-pasteleria",
    "price": 4490,
    "price_original": null,
    "currency": "CLP",
    "size": null,
    "unit_price": 56125,
    "image_url": "https://jumbocl.vteximg.com.br/arquivos/ids/370534-250-250/Barquitas-vitacura-80-g.jpg?v=638776782921070000",
    "productUrl": "https://www.jumbo.cl/barquitas-vitacura-80-grs-1629276/p",
    "in_stock": true,
    "promo_text": null,
    "sku": "98258",
    "rating": null,
    "description": null
  },
  {
    "id": "156739",
    "name": "Pan de Molde Integral Calabaza Proteína 400 g",
    "brand": "Castaño",
    "category": "panaderia-y-pasteleria",
    "price": 2290,
    "price_original": null,
    "currency": "CLP",
    "size": null,
    "unit_price": 5725,
    "image_url": "https://jumbocl.vteximg.com.br/arquivos/ids/509741-250-250/MOLDE-CALABAZA-PROTEINA-400G.jpg?v=638936271640300000",
    "productUrl": "https://www.jumbo.cl/molde-calabaza-proteina-400g-2049373/p",
    "in_stock": true,
    "promo_text": null,
    "sku": "156739",
    "rating": null,
    "description": null
  },
  {
    "id": "136692",
    "name": "Pan Molde Integral Sin Gluten 600 g",
    "brand": "NoGlut",
    "category": "panaderia-y-pasteleria",
    "price": 5450,
    "price_original": null,
    "currency": "CLP",
    "size": null,
    "unit_price": 9083,
    "image_url": "https://jumbocl.vteximg.com.br/arquivos/ids/542923-250-250/Pan-Molde-Integral-Sin-Gluten-600-g.jpg?v=638991550886230000",
    "productUrl": "https://www.jumbo.cl/pan-molde-noglut-integral-600g-1993711/p",
    "in_stock": true,
    "promo_text": null,
    "sku": "136692",
    "rating": 5,
    "description": null
  },
  {
    "id": "126638",
    "name": "Medialuna Cuisine & Co con Manjar 3 un.",
    "brand": "Cuisine & Co",
    "category": "panaderia-y-pasteleria",
    "price": 1690,
    "price_original": null,
    "currency": "CLP",
    "size": null,
    "unit_price": null,
    "image_url": "https://jumbocl.vteximg.com.br/arquivos/ids/319094-250-250/Media-Luna-Hamburgo-Con-Manjar-3-un.jpg?v=638776416581230000",
    "productUrl": "https://www.jumbo.cl/pack-media-luna-con-manjar-3-un-1829058/p",
    "in_stock": true,
    "promo_text": null,
    "sku": "126638",
    "rating": null,
    "description": null
  },
  {
    "id": "125906",
    "name": "Bizcocho Nutra Bien Braunichoc 32 g",
    "brand": "Ideal",
    "category": "panaderia-y-pasteleria",
    "price": 750,
    "price_original": null,
    "currency": "CLP",
    "size": null,
    "unit_price": 23438,
    "image_url": "https://jumbocl.vteximg.com.br/arquivos/ids/391430-250-250/NUTRA-BIEN-BRAUNICHOC-32G.jpg?v=638776867647570000",
    "productUrl": "https://www.jumbo.cl/nutra-bien-braunichoc-32g-1961088/p",
    "in_stock": true,
    "promo_text": null,
    "sku": "125906",
    "rating": null,
    "description": null
  },
  {
    "id": "9107",
    "name": "Tostadas Ligeras Sin Gluten 100 g",
    "brand": "Santiveri",
    "category": "panaderia-y-pasteleria",
    "price": 2990,
    "price_original": null,
    "currency": "CLP",
    "size": null,
    "unit_price": 29900,
    "image_url": "https://jumbocl.vteximg.com.br/arquivos/ids/349674-250-250/Tostadas-ligeras-100-g.jpg?v=638776678045100000",
    "productUrl": "https://www.jumbo.cl/tostadas-ligeras-santiveri-especial-para-diet/p",
    "in_stock": true,
    "promo_text": null,
    "sku": "9107",
    "rating": 3.7,
    "description": null
  },
  {
    "id": "126089",
    "name": "Scones Deubel 180 g",
    "brand": "Deubel",
    "category": "panaderia-y-pasteleria",
    "price": 3690,
    "price_original": null,
    "currency": "CLP",
    "size": null,
    "unit_price": 20500,
    "image_url": "https://jumbocl.vteximg.com.br/arquivos/ids/391635-250-250/SCON-DEUBEL-180-GR.jpg?v=638776868387600000",
    "productUrl": "https://www.jumbo.cl/scon-deubel-180-gr-1949979/p",
    "in_stock": true,
    "promo_text": null,
    "sku": "126089",
    "rating": null,
    "description": null
  },
  {
    "id": "138163",
    "name": "Pan de Hamburguesa Ideal Artesano Brioche 352 g 4 un.",
    "brand": "Ideal",
    "category": "panaderia-y-pasteleria",
    "price": 2350,
    "price_original": null,
    "currency": "CLP",
    "size": null,
    "unit_price": 6676,
    "image_url": "https://jumbocl.vteximg.com.br/arquivos/ids/329467-250-250/HAMBURGUESA-IDEAL-BRIOCHE-4UN-352G.jpg?v=638776431760870000",
    "productUrl": "https://www.jumbo.cl/hamburguesa-ideal-brioche-4un-352g-1995699/p",
    "in_stock": true,
    "promo_text": null,
    "sku": "138163",
    "rating": 5,
    "description": null
  },
  {
    "id": "149332",
    "name": "Queque Nutrisa de Chocolate Relleno con Crema sin Sellos 4 un.",
    "brand": "Nutrisa",
    "category": "panaderia-y-pasteleria",
    "price": 2690,
    "price_original": null,
    "currency": "CLP",
    "size": null,
    "unit_price": null,
    "image_url": "https://jumbocl.vteximg.com.br/arquivos/ids/436208-250-250/Queque-Nutrisa-Chocolate-Relleno-Crema-Sin-Sellos-4-un.jpg?v=638827842027730000",
    "productUrl": "https://www.jumbo.cl/queque-choco-crema-2028712/p",
    "in_stock": true,
    "promo_text": null,
    "sku": "149332",
    "rating": null,
    "description": null
  },
  {
    "id": "150517",
    "name": "Mini Brownie Castaño con Nueces 6 un. 180 g",
    "brand": "Castaño",
    "category": "panaderia-y-pasteleria",
    "price": 2190,
    "price_original": 2490,
    "currency": "CLP",
    "size": null,
    "unit_price": 12167,
    "image_url": "https://jumbocl.vteximg.com.br/arquivos/ids/453027-250-250/MINI-BROW-CAST-NUE.jpg?v=638854197351870000",
    "productUrl": "https://www.jumbo.cl/mini-brow-cast-nue-2019616/p",
    "in_stock": true,
    "promo_text": null,
    "sku": "150517",
    "rating": null,
    "description": null
  },
  {
    "id": "9111",
    "name": "Pan Valentina con Salvado de Trigo y Ajo 150 g",
    "brand": "Valentina",
    "category": "panaderia-y-pasteleria",
    "price": 1690,
    "price_original": null,
    "currency": "CLP",
    "size": null,
    "unit_price": 11267,
    "image_url": "https://jumbocl.vteximg.com.br/arquivos/ids/300934-250-250/Pan-con-Salvado-de-Trigo-y-Ajo-150-g.jpg?v=638776374229500000",
    "productUrl": "https://www.jumbo.cl/pan-tostado-integral-valentina-bolsa-150-g-co/p",
    "in_stock": true,
    "promo_text": null,
    "sku": "9111",
    "rating": 4.8,
    "description": null
  },
  {
    "id": "149331",
    "name": "Queque Nutrisa de Chocolate Relleno con Frambuesa sin Sellos 4 un.",
    "brand": "Nutrisa",
    "category": "panaderia-y-pasteleria",
    "price": 2690,
    "price_original": null,
    "currency": "CLP",
    "size": null,
    "unit_price": null,
    "image_url": "https://jumbocl.vteximg.com.br/arquivos/ids/436186-250-250/Queque-Nutrisa-Chocolate-Relleno-Frambuesa-Sin-Sellos-4-un.jpg?v=638827841986900000",
    "productUrl": "https://www.jumbo.cl/queque-choco-framb-2028710/p",
    "in_stock": true,
    "promo_text": null,
    "sku": "149331",
    "rating": null,
    "description": null
  },
  {
    "id": "93394",
    "name": "Pan Pita Spagnolia Whole Grain 8 un.",
    "brand": "Spagnolia",
    "category": "panaderia-y-pasteleria",
    "price": 1290,
    "price_original": 1490,
    "currency": "CLP",
    "size": null,
    "unit_price": null,
    "image_url": "https://jumbocl.vteximg.com.br/arquivos/ids/368129-250-250/Pan-pita-whole-grain-8-un.jpg?v=638776771184800000",
    "productUrl": "https://www.jumbo.cl/pan-pita-whole-grain-8-un/p",
    "in_stock": true,
    "promo_text": null,
    "sku": "93394",
    "rating": 3.2,
    "description": null
  },
  {
    "id": "131900",
    "name": "Panettone Bauducco Chocolate 80 g",
    "brand": "Bauducco",
    "category": "panaderia-y-pasteleria",
    "price": 1790,
    "price_original": null,
    "currency": "CLP",
    "size": null,
    "unit_price": 22375,
    "image_url": "https://jumbocl.vteximg.com.br/arquivos/ids/321360-250-250/Panettone-Bauducco-Chocolate-80-g.jpg?v=638776423074770000",
    "productUrl": "https://www.jumbo.cl/panettone-bauducco-chocolate-80g-1973059/p",
    "in_stock": true,
    "promo_text": null,
    "sku": "131900",
    "rating": null,
    "description": null
  },
  {
    "id": "22949",
    "name": "Surtido Cóctel Suk Dulces Árabes 26 un.",
    "brand": "Suk",
    "category": "panaderia-y-pasteleria",
    "price": 10490,
    "price_original": null,
    "currency": "CLP",
    "size": null,
    "unit_price": null,
    "image_url": "https://jumbocl.vteximg.com.br/arquivos/ids/354116-250-250/Surtido-cocktail-Dulces-Arabes-26-un.jpg?v=638776700834500000",
    "productUrl": "https://www.jumbo.cl/surtido-de-pasteles-arabes-oriental-products-475-g/p",
    "in_stock": true,
    "promo_text": null,
    "sku": "22949",
    "rating": 5,
    "description": null
  },
  {
    "id": "141062",
    "name": "Torta Merengue Nougat 15 Porciones",
    "brand": "Cuisine & Co",
    "category": "panaderia-y-pasteleria",
    "price": 20990,
    "price_original": null,
    "currency": "CLP",
    "size": null,
    "unit_price": null,
    "image_url": "https://jumbocl.vteximg.com.br/arquivos/ids/334888-250-250/Torta-Merengue-Nougat-15P-V3.jpg?v=638776435978230000",
    "productUrl": "https://www.jumbo.cl/torta-merengue-nougat-15p-v3-2006367/p",
    "in_stock": true,
    "promo_text": null,
    "sku": "141062",
    "rating": 5,
    "description": null
  },
  {
    "id": "143905",
    "name": "Torta de Hojarasca Manjar Lúcuma Sin Gluten Tastyfree 10 Porciones",
    "brand": "Tasty Free",
    "category": "panaderia-y-pasteleria",
    "price": 17990,
    "price_original": null,
    "currency": "CLP",
    "size": null,
    "unit_price": null,
    "image_url": "https://jumbocl.vteximg.com.br/arquivos/ids/339945-250-250/Torta-de-Hojarasca-Manjar-Lucuma-Sin-Gluten-Tastyfree-10-Porciones.jpg?v=638776440339430000",
    "productUrl": "https://www.jumbo.cl/torta-de-hojarasca-manjar-lucuma-sin-gluten-tastyfree-10-porciones-2011292/p",
    "in_stock": true,
    "promo_text": null,
    "sku": "143905",
    "rating": 1,
    "description": null
  },
  {
    "id": "143904",
    "name": "Torta 4 Leches Sin Gluten Tastyfree 6 Porciones",
    "brand": "Tasty Free",
    "category": "panaderia-y-pasteleria",
    "price": 17990,
    "price_original": null,
    "currency": "CLP",
    "size": null,
    "unit_price": null,
    "image_url": "https://jumbocl.vteximg.com.br/arquivos/ids/339894-250-250/Torta-4-Leches-Sin-Gluten-Tastyfree-6-Porciones.jpg?v=638776440300430000",
    "productUrl": "https://www.jumbo.cl/torta-4-leches-sin-gluten-tastyfree-6-porciones-2011293/p",
    "in_stock": true,
    "promo_text": null,
    "sku": "143904",
    "rating": null,
    "description": null
  },
  {
    "id": "147681",
    "name": "Croissant Cuisine & Co 3 un.",
    "brand": "Cuisine & Co",
    "category": "panaderia-y-pasteleria",
    "price": 2490,
    "price_original": null,
    "currency": "CLP",
    "size": null,
    "unit_price": null,
    "image_url": "https://jumbocl.vteximg.com.br/arquivos/ids/520081-250-250/Croissant-Cuisine---Co-3-un.jpg?v=638963057549430000",
    "productUrl": "https://www.jumbo.cl/croissant-atm-c-and-co-3un-2018277/p",
    "in_stock": true,
    "promo_text": "3 por 2 a $4.980",
    "sku": "147681",
    "rating": null,
    "description": null
  },
  {
    "id": "144195",
    "name": "Torta Merengue con Manzana y Frambuesa 15 Porciones",
    "brand": "Jumbo Artesanal",
    "category": "panaderia-y-pasteleria",
    "price": 20990,
    "price_original": null,
    "currency": "CLP",
    "size": null,
    "unit_price": null,
    "image_url": "https://jumbocl.vteximg.com.br/arquivos/ids/520433-250-250/Torta-Merengue-con-Manzana-y-Frambuesa-15-Porciones.jpg?v=638953642618970000",
    "productUrl": "https://www.jumbo.cl/torta-merengue-manzana-frambuesa-15p-v3-2017038/p",
    "in_stock": true,
    "promo_text": null,
    "sku": "144195",
    "rating": null,
    "description": null
  },
  {
    "id": "147665",
    "name": "Hallulla Integral con Linaza Cuisine & Co 6 un.",
    "brand": "Cuisine & Co",
    "category": "panaderia-y-pasteleria",
    "price": 1690,
    "price_original": null,
    "currency": "CLP",
    "size": null,
    "unit_price": null,
    "image_url": "https://jumbocl.vteximg.com.br/arquivos/ids/520416-250-250/Hallulla-Integral-con-Linaza-Cuisine---Co-6-un.jpg?v=638953642574200000",
    "productUrl": "https://www.jumbo.cl/hallulla-integral-linaza-atm-c-and-co-6-un-2006594/p",
    "in_stock": true,
    "promo_text": "3 por 2 a $3.380",
    "sku": "147665",
    "rating": null,
    "description": null
  },
  {
    "id": "155875",
    "name": "Torta Panqueque Crostata Moka 12 P",
    "brand": "Crostata",
    "category": "panaderia-y-pasteleria",
    "price": 19990,
    "price_original": null,
    "currency": "CLP",
    "size": null,
    "unit_price": null,
    "image_url": "https://jumbocl.vteximg.com.br/arquivos/ids/494385-250-250/TORTA-PANQUEQUE-MOKA-CROSTATA-12P.jpg?v=638907250146430000",
    "productUrl": "https://www.jumbo.cl/torta-panqueque-moka-crostata-12-piezas-2046713/p",
    "in_stock": true,
    "promo_text": null,
    "sku": "155875",
    "rating": null,
    "description": null
  },
  {
    "id": "155873",
    "name": "Torta Panqueque Crostata Avellana 12 P",
    "brand": "Crostata",
    "category": "panaderia-y-pasteleria",
    "price": 19990,
    "price_original": null,
    "currency": "CLP",
    "size": null,
    "unit_price": null,
    "image_url": "https://jumbocl.vteximg.com.br/arquivos/ids/494386-250-250/TORTA-PANQUEQUE-AVELLANA-CROSTATA-12P.jpg?v=638907250156400000",
    "productUrl": "https://www.jumbo.cl/torta-panqueque-avellana-crostata-12-piezas-2046714/p",
    "in_stock": true,
    "promo_text": null,
    "sku": "155873",
    "rating": null,
    "description": null
  },
  {
    "id": "155709",
    "name": "Torta Tentación Chocolate 15 Porciones",
    "brand": "Pastelería Propia",
    "category": "panaderia-y-pasteleria",
    "price": 17990,
    "price_original": null,
    "currency": "CLP",
    "size": null,
    "unit_price": null,
    "image_url": "https://jumbocl.vteximg.com.br/arquivos/ids/520477-250-250/Torta-Tentacion-Chocolate-15-Porciones.jpg?v=638953642823730000",
    "productUrl": "https://www.jumbo.cl/torta-tentacion-chocolate-v3-15-piezas-2046393/p",
    "in_stock": true,
    "promo_text": null,
    "sku": "155709",
    "rating": null,
    "description": null
  },
  {
    "id": "155713",
    "name": "Torta Chocotorta 8 Porciones",
    "brand": "Pastelería Propia",
    "category": "panaderia-y-pasteleria",
    "price": 19990,
    "price_original": null,
    "currency": "CLP",
    "size": null,
    "unit_price": null,
    "image_url": "https://jumbocl.vteximg.com.br/arquivos/ids/520475-250-250/Torta-Chocotorta-8-Porciones.jpg?v=638953642807270000",
    "productUrl": "https://www.jumbo.cl/torta-chocotorta-v3-8-piezas-2046392/p",
    "in_stock": true,
    "promo_text": null,
    "sku": "155713",
    "rating": null,
    "description": null
  },
  {
    "id": "156496",
    "name": "Torta Huevo Moll Mediana 10 Porciones",
    "brand": "Las Bezanillas",
    "category": "panaderia-y-pasteleria",
    "price": 23990,
    "price_original": null,
    "currency": "CLP",
    "size": null,
    "unit_price": null,
    "image_url": "https://jumbocl.vteximg.com.br/arquivos/ids/511414-250-250/TORTA-HOJA-HUEVO-MED-10P-LAS-BEZANILLAS.jpg?v=638942451772100000",
    "productUrl": "https://www.jumbo.cl/torta-hoja-huevo-med-10p-las-bezanillas-2051094/p",
    "in_stock": true,
    "promo_text": null,
    "sku": "156496",
    "rating": null,
    "description": null
  },
  {
    "id": "150514",
    "name": "Tortillas Rapiditas XL Integral 8 Piezas 415 g",
    "brand": "Ideal",
    "category": "panaderia-y-pasteleria",
    "price": 1890,
    "price_original": 2390,
    "currency": "CLP",
    "size": null,
    "unit_price": 13034,
    "image_url": "https://jumbocl.vteximg.com.br/arquivos/ids/452033-250-250/Tortillas-Rapiditas-XL-Integral-8-Piezas-145-g.jpg?v=638852049602770000",
    "productUrl": "https://www.jumbo.cl/tortilla-r-xl-inte-2037345/p",
    "in_stock": true,
    "promo_text": null,
    "sku": "150514",
    "rating": null,
    "description": null
  },
  {
    "id": "77575",
    "name": "Pan Pascua Cuisine & Co Fruta Confitada 700 g",
    "brand": "Cuisine & Co",
    "category": "panaderia-y-pasteleria",
    "price": 4990,
    "price_original": null,
    "currency": "CLP",
    "size": null,
    "unit_price": 7129,
    "image_url": "https://jumbocl.vteximg.com.br/arquivos/ids/363945-250-250/Pan-de-Pascua-con-fruta-confitada-700-g.jpg?v=638776751322130000",
    "productUrl": "https://www.jumbo.cl/pan-de-pascua-con-fruta-confitada-700-g-cuisine-and-co-1812275/p",
    "in_stock": true,
    "promo_text": "Paga $3.990",
    "sku": "77575",
    "rating": 4.5,
    "description": null
  },
  {
    "id": "146354",
    "name": "Pan Hot Dog Ideal Brioche Artesano 370 g",
    "brand": "Ideal",
    "category": "panaderia-y-pasteleria",
    "price": 2590,
    "price_original": null,
    "currency": "CLP",
    "size": null,
    "unit_price": 7000,
    "image_url": "https://jumbocl.vteximg.com.br/arquivos/ids/344770-250-250/Pan-Hot-Dog-Ideal-Brioche-370-g-6-un.jpg?v=638776444198130000",
    "productUrl": "https://www.jumbo.cl/pan-hot-dog-ideal-brioche-6un-370g-2020948/p",
    "in_stock": true,
    "promo_text": null,
    "sku": "146354",
    "rating": 5,
    "description": null
  },
  {
    "id": "142320",
    "name": "Pan Molde Ideal Blanco 380 g",
    "brand": "Ideal",
    "category": "panaderia-y-pasteleria",
    "price": 1690,
    "price_original": null,
    "currency": "CLP",
    "size": null,
    "unit_price": 4447,
    "image_url": "https://jumbocl.vteximg.com.br/arquivos/ids/336654-250-250/Pan-Molde-Ideal-Blanco-380-g.jpg?v=638776437809800000",
    "productUrl": "https://www.jumbo.cl/pan-molde-ideal-blanco-380g-2011235/p",
    "in_stock": true,
    "promo_text": null,
    "sku": "142320",
    "rating": null,
    "description": null
  },
  {
    "id": "124091",
    "name": "Pan Molde Spagnolia Miga Blanco 440 g",
    "brand": "Spagnolia",
    "category": "panaderia-y-pasteleria",
    "price": 3290,
    "price_original": 3850,
    "currency": "CLP",
    "size": null,
    "unit_price": 7477,
    "image_url": "https://jumbocl.vteximg.com.br/arquivos/ids/318533-250-250/Pan-molde-miga-blanco-440-g.jpg?v=638776414793730000",
    "productUrl": "https://www.jumbo.cl/pan-molde-spagnolia-miga-blanco-440g-1950956/p",
    "in_stock": true,
    "promo_text": null,
    "sku": "124091",
    "rating": 5,
    "description": null
  },
  {
    "id": "153884",
    "name": "Tortilla Pancho Villa Maxivilla 544 g",
    "brand": "Pancho Villa",
    "category": "panaderia-y-pasteleria",
    "price": 2590,
    "price_original": 3590,
    "currency": "CLP",
    "size": null,
    "unit_price": 4761,
    "image_url": "https://jumbocl.vteximg.com.br/arquivos/ids/485105-250-250/TORTILLA-MAXIVILLA-XXL-PANCHO-VILLA-544G.jpg?v=638892673324230000",
    "productUrl": "https://www.jumbo.cl/tortilla-maxivilla-xxl-pancho-villa-544g-2044086/p",
    "in_stock": true,
    "promo_text": null,
    "sku": "153884",
    "rating": null,
    "description": null
  },
  {
    "id": "147757",
    "name": "Pan de Hot Dog Cuisine & Co 480 g 8 un.",
    "brand": "Cuisine & Co",
    "category": "panaderia-y-pasteleria",
    "price": 1690,
    "price_original": 1990,
    "currency": "CLP",
    "size": null,
    "unit_price": 3521,
    "image_url": "https://jumbocl.vteximg.com.br/arquivos/ids/410478-250-250/Pan-de-Hot-Dog-Cuisine-Co-8-un-480-g.jpg?v=638790481735130000",
    "productUrl": "https://www.jumbo.cl/pan-hot-dog-8un-480g-cuisine-and-co-2009556/p",
    "in_stock": true,
    "promo_text": null,
    "sku": "147757",
    "rating": 5,
    "description": null
  },
  {
    "id": "147842",
    "name": "Pan Molde Ideal Blanco Sin Borde 400 g",
    "brand": "Ideal",
    "category": "panaderia-y-pasteleria",
    "price": 3590,
    "price_original": null,
    "currency": "CLP",
    "size": null,
    "unit_price": 8975,
    "image_url": "https://jumbocl.vteximg.com.br/arquivos/ids/428406-250-250/Pan-Molde-Ideal-Blanco-Sin-Bordes-400-g.jpg?v=638811018057200000",
    "productUrl": "https://www.jumbo.cl/pan-molde-ideal-blanco-sin-bordes-400g/p",
    "in_stock": true,
    "promo_text": null,
    "sku": "147842",
    "rating": 5,
    "description": null
  },
  {
    "id": "147754",
    "name": "Pan de Molde Cuisine & Co Blanco XL 750 g",
    "brand": "Cuisine & Co",
    "category": "panaderia-y-pasteleria",
    "price": 2590,
    "price_original": null,
    "currency": "CLP",
    "size": null,
    "unit_price": 3453,
    "image_url": "https://jumbocl.vteximg.com.br/arquivos/ids/407127-250-250/Pan-de-Molde-Blanco-XL-Cuisine-Co-750-g.jpg?v=638784499032630000",
    "productUrl": "https://www.jumbo.cl/pan-de-molde-blanco-xl-750gr-cuisine-and-co-2009530/p",
    "in_stock": true,
    "promo_text": null,
    "sku": "147754",
    "rating": 4.8,
    "description": null
  },
  {
    "id": "77552",
    "name": "Pre Pizza Ideal A La Piedra 270 g 2 un.",
    "brand": "Ideal",
    "category": "panaderia-y-pasteleria",
    "price": 2890,
    "price_original": null,
    "currency": "CLP",
    "size": null,
    "unit_price": 10704,
    "image_url": "https://jumbocl.vteximg.com.br/arquivos/ids/363935-250-250/Pre-pizza-a-la-piedra-2-un-270-g.jpg?v=638776751266900000",
    "productUrl": "https://www.jumbo.cl/pre-pizza-a-la-piedra-2-pzas-270gr-ideal/p",
    "in_stock": true,
    "promo_text": null,
    "sku": "77552",
    "rating": 5,
    "description": null
  },
  {
    "id": "150515",
    "name": "Tortillas Rapiditas XL Clásica 8 Piezas 415 g",
    "brand": "Ideal",
    "category": "panaderia-y-pasteleria",
    "price": 1890,
    "price_original": 2390,
    "currency": "CLP",
    "size": null,
    "unit_price": 13034,
    "image_url": "https://jumbocl.vteximg.com.br/arquivos/ids/452034-250-250/Tortillas-Rapiditas-XL-Clasica-8-Piezas-145-g.jpg?v=638852049609370000",
    "productUrl": "https://www.jumbo.cl/tortilla-r-xl-clas-2037346/p",
    "in_stock": true,
    "promo_text": null,
    "sku": "150515",
    "rating": null,
    "description": null
  },
  {
    "id": "81306",
    "name": "Stollen de naranja 500 g",
    "brand": "Kuchenmeister",
    "category": "panaderia-y-pasteleria",
    "price": 5990,
    "price_original": null,
    "currency": "CLP",
    "size": null,
    "unit_price": 11980,
    "image_url": "https://jumbocl.vteximg.com.br/arquivos/ids/538103-250-250/Stollen-de-naranja-500-g.jpg?v=638984627749930000",
    "productUrl": "https://www.jumbo.cl/stollen-kuchenmeister-naranja-500g/p",
    "in_stock": true,
    "promo_text": "Paga $4.193",
    "sku": "81306",
    "rating": 5,
    "description": null
  },
  {
    "id": "147161",
    "name": "Pan de Papa Castaño Hamburguesa 520 g 8 un.",
    "brand": "Castaño",
    "category": "panaderia-y-pasteleria",
    "price": 3450,
    "price_original": null,
    "currency": "CLP",
    "size": null,
    "unit_price": 6635,
    "image_url": "https://jumbocl.vteximg.com.br/arquivos/ids/404453-250-250/Pan-de-Papa-Casta%C3%B1o-Hamburguesa-520-g-8-un.jpg?v=638776919112070000",
    "productUrl": "https://www.jumbo.cl/pan-castano-hamburguesa-papa-8un-520g-2028551/p",
    "in_stock": true,
    "promo_text": null,
    "sku": "147161",
    "rating": null,
    "description": null
  },
  {
    "id": "147748",
    "name": "Pan de Molde Cuisine & Co Familiar Blanco 580 g",
    "brand": "Cuisine & Co",
    "category": "panaderia-y-pasteleria",
    "price": 2190,
    "price_original": null,
    "currency": "CLP",
    "size": null,
    "unit_price": 3776,
    "image_url": "https://jumbocl.vteximg.com.br/arquivos/ids/407114-250-250/Pan-de-Molde-Familiar-Blanco-Cuisine---Co-580-g.jpg?v=638784498948630000",
    "productUrl": "https://www.jumbo.cl/molde-familiar-blanco-580gr-cuisine-and-co-2008361/p",
    "in_stock": true,
    "promo_text": null,
    "sku": "147748",
    "rating": null,
    "description": null
  },
  {
    "id": "8993",
    "name": "Pre Pizza Ideal 1 Metro 750 g 3 un.",
    "brand": "Ideal",
    "category": "panaderia-y-pasteleria",
    "price": 3590,
    "price_original": null,
    "currency": "CLP",
    "size": null,
    "unit_price": 4787,
    "image_url": "https://jumbocl.vteximg.com.br/arquivos/ids/349651-250-250/Pre-pizza-1-metro-3-un-750-g.jpg?v=638776677902130000",
    "productUrl": "https://www.jumbo.cl/prepizza-ideal-750-g-3-unid-masa-rectangular-2/p",
    "in_stock": true,
    "promo_text": null,
    "sku": "8993",
    "rating": 4.9,
    "description": null
  },
  {
    "id": "147749",
    "name": "Pan Perfecto Cuisine & Co 580 g",
    "brand": "Cuisine & Co",
    "category": "panaderia-y-pasteleria",
    "price": 3190,
    "price_original": null,
    "currency": "CLP",
    "size": null,
    "unit_price": 5500,
    "image_url": "https://jumbocl.vteximg.com.br/arquivos/ids/407116-250-250/Pan-Perfecto-Cuisine-Co-580-g.jpg?v=638784498963800000",
    "productUrl": "https://www.jumbo.cl/pan-perfecto-580gr-cuisine-and-co-2009525/p",
    "in_stock": true,
    "promo_text": null,
    "sku": "147749",
    "rating": 5,
    "description": null
  },
  {
    "id": "127429",
    "name": "Tortilla Ideal Rapidita Linaza Chía 200 g",
    "brand": "Ideal",
    "category": "panaderia-y-pasteleria",
    "price": 1790,
    "price_original": null,
    "currency": "CLP",
    "size": null,
    "unit_price": 8950,
    "image_url": "https://jumbocl.vteximg.com.br/arquivos/ids/393116-250-250/Tortilla-Ideal-Rapiditas-Linaza-Chia-200-g.jpg?v=638776873432900000",
    "productUrl": "https://www.jumbo.cl/tortilla-ideal-rapidita-linaza-chia-200g-1963558/p",
    "in_stock": true,
    "promo_text": null,
    "sku": "127429",
    "rating": 5,
    "description": null
  },
  {
    "id": "74239",
    "name": "Pan Molde Familiar Integral 580 g",
    "brand": "La Selecta",
    "category": "panaderia-y-pasteleria",
    "price": 2290,
    "price_original": null,
    "currency": "CLP",
    "size": null,
    "unit_price": 3948,
    "image_url": "https://jumbocl.vteximg.com.br/arquivos/ids/362863-250-250/Pan-de-molde-familiar-integral-La-Selecta-580-g-1-444429.jpg?v=638776745326500000",
    "productUrl": "https://www.jumbo.cl/pan-de-molde-fam-int-la-selecta-650g/p",
    "in_stock": true,
    "promo_text": null,
    "sku": "74239",
    "rating": 5,
    "description": null
  },
  {
    "id": "66753",
    "name": "Pan de Pascua con Frutos Secos 700 g",
    "brand": "Castaño",
    "category": "panaderia-y-pasteleria",
    "price": 5990,
    "price_original": null,
    "currency": "CLP",
    "size": null,
    "unit_price": 8557,
    "image_url": "https://jumbocl.vteximg.com.br/arquivos/ids/309805-250-250/Pan-de-pascua-con-frutos-secos-700-g.jpg?v=638776389914000000",
    "productUrl": "https://www.jumbo.cl/pan-de-pascua-castano-frutos-secos-700-g/p",
    "in_stock": true,
    "promo_text": null,
    "sku": "66753",
    "rating": 5,
    "description": null
  },
  {
    "id": "25203",
    "name": "Espumante Viñamar Brut 750 cc",
    "brand": "Viñamar",
    "category": "licores-bebidas-y-aguas",
    "price": 5990,
    "price_original": 7390,
    "currency": "CLP",
    "size": null,
    "unit_price": null,
    "image_url": "https://jumbocl.vteximg.com.br/arquivos/ids/495237-250-250/Espumante-Vi%C3%B1amar-Brut-750-cc.jpg?v=638911559279370000",
    "productUrl": "https://www.jumbo.cl/espumante-vina-mar-brut-750-cc/p",
    "in_stock": true,
    "promo_text": "Paga $4.434",
    "sku": "25203",
    "rating": 4.8,
    "description": null
  },
  {
    "id": "494",
    "name": "Bebida Coca-Cola Light 1.5 L",
    "brand": "Coca-Cola",
    "category": "licores-bebidas-y-aguas",
    "price": 2190,
    "price_original": null,
    "currency": "CLP",
    "size": null,
    "unit_price": null,
    "image_url": "https://jumbocl.vteximg.com.br/arquivos/ids/297978-250-250/Bebida-Coca-Cola-light-15-L.jpg?v=638775745905830000",
    "productUrl": "https://www.jumbo.cl/bebida-coca-cola-light-15-l-botella-desechable/p",
    "in_stock": true,
    "promo_text": "Lleva 2 por $3.090",
    "sku": "494",
    "rating": 4.3,
    "description": null
  },
  {
    "id": "391",
    "name": "Bebida Coca-Cola Original 1.5 L",
    "brand": "Coca-Cola",
    "category": "licores-bebidas-y-aguas",
    "price": 2190,
    "price_original": null,
    "currency": "CLP",
    "size": null,
    "unit_price": null,
    "image_url": "https://jumbocl.vteximg.com.br/arquivos/ids/297888-250-250/Bebida-Coca-Cola-original-15-L.jpg?v=638775744756600000",
    "productUrl": "https://www.jumbo.cl/bebida-coca-cola-15-l-botella-desechable/p",
    "in_stock": true,
    "promo_text": "Lleva 2 por $3.090",
    "sku": "391",
    "rating": 4.5,
    "description": null
  },
  {
    "id": "62524",
    "name": "Bebida Pepsi Zero 1.75 L",
    "brand": "Pepsi Zero",
    "category": "licores-bebidas-y-aguas",
    "price": 1450,
    "price_original": 2290,
    "currency": "CLP",
    "size": null,
    "unit_price": null,
    "image_url": "https://jumbocl.vteximg.com.br/arquivos/ids/431023-250-250/Bebida-Pepsi-Zero-175-L.jpg?v=638819718579300000",
    "productUrl": "https://www.jumbo.cl/bebida-pepsi-zero-pet-1750cc/p",
    "in_stock": true,
    "promo_text": "Paga $1.390",
    "sku": "62524",
    "rating": 5,
    "description": null
  },
  {
    "id": "281",
    "name": "Agua Mineral Cachantun Gasificada 1.6 L",
    "brand": "Cachantun",
    "category": "licores-bebidas-y-aguas",
    "price": 1150,
    "price_original": null,
    "currency": "CLP",
    "size": null,
    "unit_price": null,
    "image_url": "https://jumbocl.vteximg.com.br/arquivos/ids/297815-250-250/Agua-Mineral-Cachantun-Gasificada-16-L.jpg?v=638775743709100000",
    "productUrl": "https://www.jumbo.cl/agua-mineral-con-gas-cachantun-16-l-botella-desechable/p",
    "in_stock": true,
    "promo_text": "Lleva 3 por $2.090",
    "sku": "281",
    "rating": 4.9,
    "description": null
  },
  {
    "id": "69235",
    "name": "Agua Benedictino Sin Gas Bidón 6.5 L",
    "brand": "Benedictino",
    "category": "licores-bebidas-y-aguas",
    "price": 2390,
    "price_original": null,
    "currency": "CLP",
    "size": null,
    "unit_price": null,
    "image_url": "https://jumbocl.vteximg.com.br/arquivos/ids/361976-250-250/Agua-sin-gas-bidon-65-L.jpg?v=638776740365200000",
    "productUrl": "https://www.jumbo.cl/agua-purificada-sin-gas-benedictino-6-5-l/p",
    "in_stock": true,
    "promo_text": null,
    "sku": "69235",
    "rating": 4.8,
    "description": null
  },
  {
    "id": "532",
    "name": "Bebida Sprite Sin Azúcar 1.5 L",
    "brand": "Sprite",
    "category": "licores-bebidas-y-aguas",
    "price": 1390,
    "price_original": 2190,
    "currency": "CLP",
    "size": null,
    "unit_price": null,
    "image_url": "https://jumbocl.vteximg.com.br/arquivos/ids/298003-250-250/Bebida-Zero-15-L.jpg?v=638775746250300000",
    "productUrl": "https://www.jumbo.cl/bebida-sprite-zero-15-l-botella-desechable/p",
    "in_stock": true,
    "promo_text": null,
    "sku": "532",
    "rating": 5,
    "description": null
  },
  {
    "id": "99572",
    "name": "Agua Benedictino Gasificada 3 L",
    "brand": "Benedictino",
    "category": "licores-bebidas-y-aguas",
    "price": 1450,
    "price_original": null,
    "currency": "CLP",
    "size": null,
    "unit_price": null,
    "image_url": "https://jumbocl.vteximg.com.br/arquivos/ids/372062-250-250/Agua-mineral-3-L.jpg?v=638776789769130000",
    "productUrl": "https://www.jumbo.cl/agua-benedictino-pet-3-0-l-1603581/p",
    "in_stock": true,
    "promo_text": "Lleva 2 por $2.190",
    "sku": "99572",
    "rating": 5,
    "description": null
  },
  {
    "id": "130251",
    "name": "Pack 24 un. Cerveza Stella Artois Lager 5.2° 330 cc",
    "brand": "Stella Artois",
    "category": "licores-bebidas-y-aguas",
    "price": 13990,
    "price_original": 23990,
    "currency": "CLP",
    "size": null,
    "unit_price": null,
    "image_url": "https://jumbocl.vteximg.com.br/arquivos/ids/320505-250-250/Pack-24-un-Cerveza-Stella-Artois-Lager-52%C2%B0-330-cc.jpg?v=638776420653930000",
    "productUrl": "https://www.jumbo.cl/pack-24-unidades-cerveza-stella-artois-lager-5-2g-330-cc-1976135-pak/p",
    "in_stock": true,
    "promo_text": "Paga $11.990",
    "sku": "130251",
    "rating": 5,
    "description": null
  },
  {
    "id": "122281",
    "name": "Bebida Canada Dry Zero 1.75 L",
    "brand": "Canada Dry",
    "category": "licores-bebidas-y-aguas",
    "price": 1550,
    "price_original": 2290,
    "currency": "CLP",
    "size": null,
    "unit_price": null,
    "image_url": "https://jumbocl.vteximg.com.br/arquivos/ids/387953-250-250/Bebida-Canada-Dry-Zero-175-L.jpg?v=638776853839100000",
    "productUrl": "https://www.jumbo.cl/beb-gas-canada-dry-g-ale-zero-pet-1-75cc-1951500/p",
    "in_stock": true,
    "promo_text": "Paga $1.390",
    "sku": "122281",
    "rating": null,
    "description": null
  },
  {
    "id": "875",
    "name": "Néctar Watt's Naranja Sin Azúcar Añadida 1.5 L",
    "brand": "Watt's",
    "category": "licores-bebidas-y-aguas",
    "price": 1990,
    "price_original": null,
    "currency": "CLP",
    "size": null,
    "unit_price": null,
    "image_url": "https://jumbocl.vteximg.com.br/arquivos/ids/298229-250-250/Nectar-Watt-s-Naranja-Sin-Azucar-A%C3%B1adida-15-L.jpg?v=638775749824370000",
    "productUrl": "https://www.jumbo.cl/nectar-naranja-sin-azucar-anadida-15-l/p",
    "in_stock": true,
    "promo_text": "Lleva 2 por $3.000",
    "sku": "875",
    "rating": 5,
    "description": null
  },
  {
    "id": "306",
    "name": "Agua Mineral Vital Gasificada 1.6 L",
    "brand": "Vital",
    "category": "licores-bebidas-y-aguas",
    "price": 1090,
    "price_original": null,
    "currency": "CLP",
    "size": null,
    "unit_price": null,
    "image_url": "https://jumbocl.vteximg.com.br/arquivos/ids/297833-250-250/Agua-mineral-con-gas-16-L.jpg?v=638775743963170000",
    "productUrl": "https://www.jumbo.cl/agua-mineral-con-gas-vital-16-l-botella-desechable/p",
    "in_stock": true,
    "promo_text": "Lleva 2 por $1.490",
    "sku": "306",
    "rating": 5,
    "description": null
  },
  {
    "id": "130246",
    "name": "Pack 18 un. Cerveza Corona Lager 4.5° 330 cc",
    "brand": "Corona",
    "category": "licores-bebidas-y-aguas",
    "price": 13990,
    "price_original": 18990,
    "currency": "CLP",
    "size": null,
    "unit_price": null,
    "image_url": "https://jumbocl.vteximg.com.br/arquivos/ids/320466-250-250/Pack-18-un-Cerveza-Corona-Lager-45%C2%B0-330-cc.jpg?v=638876965494700000",
    "productUrl": "https://www.jumbo.cl/pack-18-unidades-cerveza-corona-lager-4-5g-330-cc-1976139-pak/p",
    "in_stock": true,
    "promo_text": "Paga $11.990",
    "sku": "130246",
    "rating": 4.8,
    "description": null
  },
  {
    "id": "32035",
    "name": "Gin Hendrick's 700 cc",
    "brand": "Hendrick's",
    "category": "licores-bebidas-y-aguas",
    "price": 20573,
    "price_original": 29390,
    "currency": "CLP",
    "size": null,
    "unit_price": null,
    "image_url": "https://jumbocl.vteximg.com.br/arquivos/ids/356171-250-250/Gin-Hendrick-s-700-cc.jpg?v=638776711095900000",
    "productUrl": "https://www.jumbo.cl/gin-hendrick-s-700-cc/p",
    "in_stock": true,
    "promo_text": "30% dcto.",
    "sku": "32035",
    "rating": 4.9,
    "description": null
  },
  {
    "id": "25210",
    "name": "Espumante Viñamar Extra Brut 750 cc",
    "brand": "Viñamar",
    "category": "licores-bebidas-y-aguas",
    "price": 6290,
    "price_original": 9290,
    "currency": "CLP",
    "size": null,
    "unit_price": null,
    "image_url": "https://jumbocl.vteximg.com.br/arquivos/ids/429413-250-250/Espumante-Vi%C3%B1amar-Extra-Brut-750-cc.jpg?v=638814648537130000",
    "productUrl": "https://www.jumbo.cl/vino-espumante-extra-brut-vina-mar-750-ml/p",
    "in_stock": true,
    "promo_text": "Paga $5.574",
    "sku": "25210",
    "rating": 5,
    "description": null
  },
  {
    "id": "127610",
    "name": "Pack 24 un. Cerveza Royal Guard Premium Lager 5.0° 355 cc",
    "brand": "Royal Guard",
    "category": "licores-bebidas-y-aguas",
    "price": 13990,
    "price_original": 24990,
    "currency": "CLP",
    "size": null,
    "unit_price": null,
    "image_url": "https://jumbocl.vteximg.com.br/arquivos/ids/319581-250-250/Pack-24-un-Cerveza-Royal-Guard-Premium-Lager-50%C2%B0-355-cc.jpg?v=638776417826200000",
    "productUrl": "https://www.jumbo.cl/pack-24-unidades-cerveza-royal-guard-premium-lager-5-0g-355-cc-1964136-pak/p",
    "in_stock": true,
    "promo_text": "Paga $11.990",
    "sku": "127610",
    "rating": 4.7,
    "description": null
  },
  {
    "id": "17475",
    "name": "Agua Saborizada Mas Manzana Sin Gas 1.6 L",
    "brand": "Mas",
    "category": "licores-bebidas-y-aguas",
    "price": 1390,
    "price_original": null,
    "currency": "CLP",
    "size": null,
    "unit_price": null,
    "image_url": "https://jumbocl.vteximg.com.br/arquivos/ids/303820-250-250/Agua-Saborizada-Mas-Manzana-Sin-Gas-16-L.jpg?v=638776378195170000",
    "productUrl": "https://www.jumbo.cl/agua-saborizada-cachant-n-m-s-1-6-l-manzana/p",
    "in_stock": true,
    "promo_text": "Lleva 3 por $3.000",
    "sku": "17475",
    "rating": 4.4,
    "description": null
  },
  {
    "id": "146411",
    "name": "Agua Mineral Cachantun Strong con Gas 1.6 L",
    "brand": "Cachantun",
    "category": "licores-bebidas-y-aguas",
    "price": 790,
    "price_original": 1150,
    "currency": "CLP",
    "size": null,
    "unit_price": null,
    "image_url": "https://jumbocl.vteximg.com.br/arquivos/ids/345154-250-250/AGUA-MINCACHANTUN-STRONG-GAS-16CC.jpg?v=638776444509370000",
    "productUrl": "https://www.jumbo.cl/agua-min-cachantun-strong-gas-1-6cc-2021773/p",
    "in_stock": true,
    "promo_text": "Lleva 3 por $2.090",
    "sku": "146411",
    "rating": 5,
    "description": null
  },
  {
    "id": "89022",
    "name": "Jugo Guallarauco Naranja 0% Azúcar Añadida 1 L",
    "brand": "Guallarauco",
    "category": "licores-bebidas-y-aguas",
    "price": 2290,
    "price_original": 3190,
    "currency": "CLP",
    "size": null,
    "unit_price": null,
    "image_url": "https://jumbocl.vteximg.com.br/arquivos/ids/523731-250-250/Jugo-Guallarauco-Naranja-0--Azucar-A%C3%B1adida-1-L.jpg?v=638959916542230000",
    "productUrl": "https://www.jumbo.cl/jugo-guallarauco-naranja-1-lt/p",
    "in_stock": true,
    "promo_text": "Paga $2.090",
    "sku": "89022",
    "rating": 5,
    "description": null
  },
  {
    "id": "503",
    "name": "Bebida Coca-Cola Zero 3 L",
    "brand": "Coca-Cola",
    "category": "licores-bebidas-y-aguas",
    "price": 3390,
    "price_original": null,
    "currency": "CLP",
    "size": null,
    "unit_price": null,
    "image_url": "https://jumbocl.vteximg.com.br/arquivos/ids/496442-250-250/Bebida-Coca-Cola-Zero-3-L.jpg?v=638911647970500000",
    "productUrl": "https://www.jumbo.cl/bebida-coca-cola-zero-3-l/p",
    "in_stock": true,
    "promo_text": null,
    "sku": "503",
    "rating": 5,
    "description": null
  },
  {
    "id": "43762",
    "name": "Pack 6 un. Bebida Coca-Cola Zero Lata 350 cc",
    "brand": "Coca-Cola",
    "category": "licores-bebidas-y-aguas",
    "price": 4190,
    "price_original": 5990,
    "currency": "CLP",
    "size": null,
    "unit_price": null,
    "image_url": "https://jumbocl.vteximg.com.br/arquivos/ids/520067-250-250/Pack-6-un-Bebida-Coca-Cola-Zero-Lata-350-cc.jpg?v=638950470065970000",
    "productUrl": "https://www.jumbo.cl/pack-bebida-coca-cola-zero-6-unid-350-cc-c-u/p",
    "in_stock": true,
    "promo_text": null,
    "sku": "43762",
    "rating": 5,
    "description": null
  },
  {
    "id": "141141",
    "name": "Pack Bebida Coca-Cola Zero 3 L + Sprite Zero 3 L",
    "brand": "Coca-Cola",
    "category": "licores-bebidas-y-aguas",
    "price": 4690,
    "price_original": 5450,
    "currency": "CLP",
    "size": null,
    "unit_price": null,
    "image_url": "https://jumbocl.vteximg.com.br/arquivos/ids/496401-250-250/Pack-Bebida-Coca-Cola-Zero-3-L---Sprite-Zero-3-L.jpg?v=638911647666230000",
    "productUrl": "https://www.jumbo.cl/dualpack-coca-cola-zero-y-sprite-zero-3l-2006596/p",
    "in_stock": true,
    "promo_text": null,
    "sku": "141141",
    "rating": null,
    "description": null
  },
  {
    "id": "12446",
    "name": "Licor Ramazzotti Rosato 15° 700 cc",
    "brand": "Ramazzotti",
    "category": "licores-bebidas-y-aguas",
    "price": 10952,
    "price_original": 13690,
    "currency": "CLP",
    "size": null,
    "unit_price": null,
    "image_url": "https://jumbocl.vteximg.com.br/arquivos/ids/302929-250-250/Licor-Ramazzotti-Rosato-15%C2%B0-700-cc.jpg?v=638776376451300000",
    "productUrl": "https://www.jumbo.cl/licor-ramazzotti-rosato-700-ml/p",
    "in_stock": true,
    "promo_text": "20% dcto.",
    "sku": "12446",
    "rating": 4.9,
    "description": null
  },
  {
    "id": "130254",
    "name": "Pack 24 un. Cerveza Cusqueña Golden Lager 4.8° 330 cc",
    "brand": "Cusqueña",
    "category": "licores-bebidas-y-aguas",
    "price": 13990,
    "price_original": 25990,
    "currency": "CLP",
    "size": null,
    "unit_price": null,
    "image_url": "https://jumbocl.vteximg.com.br/arquivos/ids/488657-250-250/Pack-24-un-Cerveza-Cusque%C3%B1a-Golden-Lager-48%C2%B0-330-cc.jpg?v=638895037876300000",
    "productUrl": "https://www.jumbo.cl/caja-c-cusquena-gold-4-8-bot-24x330cc-1976136-pak/p",
    "in_stock": true,
    "promo_text": "Paga $11.990",
    "sku": "130254",
    "rating": null,
    "description": null
  },
  {
    "id": "11976",
    "name": "Vino Tarapacá Gran Reserva Carmenere 750 cc",
    "brand": "Tarapacá",
    "category": "licores-bebidas-y-aguas",
    "price": 12150,
    "price_original": null,
    "currency": "CLP",
    "size": null,
    "unit_price": null,
    "image_url": "https://jumbocl.vteximg.com.br/arquivos/ids/302329-250-250/Vino-Tarapaca-Gran-Reserva-Carmenere-750-cc.jpg?v=638776375989300000",
    "productUrl": "https://www.jumbo.cl/carmenere-vina-tarapaca-750-cc-gran-reserva/p",
    "in_stock": true,
    "promo_text": "Paga $7.290",
    "sku": "11976",
    "rating": 4.7,
    "description": null
  },
  {
    "id": "510",
    "name": "Bebida Fanta Sin Azúcar 1.5 L",
    "brand": "Fanta",
    "category": "licores-bebidas-y-aguas",
    "price": 1390,
    "price_original": 2190,
    "currency": "CLP",
    "size": null,
    "unit_price": null,
    "image_url": "https://jumbocl.vteximg.com.br/arquivos/ids/524875-250-250/Bebida-Fanta-Sin-Azucar-15-L.jpg?v=638961709261900000",
    "productUrl": "https://www.jumbo.cl/bebida-fanta-zero-botella-15-l/p",
    "in_stock": true,
    "promo_text": null,
    "sku": "510",
    "rating": null,
    "description": null
  },
  {
    "id": "768",
    "name": "Néctar del Valle Naranja 0% Azúcar Añadida 1.5 L",
    "brand": "Del Valle",
    "category": "licores-bebidas-y-aguas",
    "price": 1790,
    "price_original": null,
    "currency": "CLP",
    "size": null,
    "unit_price": null,
    "image_url": "https://jumbocl.vteximg.com.br/arquivos/ids/298165-250-250/Nectar-Del-Valle-Naranja-0--Azucar-A%C3%B1adida-15-L.jpg?v=638775748990800000",
    "productUrl": "https://www.jumbo.cl/nectar-andina-15-l-light-naranja-botella-desechable-2/p",
    "in_stock": true,
    "promo_text": "Lleva 2 por $2.690",
    "sku": "768",
    "rating": 4.5,
    "description": null
  },
  {
    "id": "127786",
    "name": "Pack 12 un. Cerveza Austral Calafate Ale 5.0° 330 cc",
    "brand": "Austral",
    "category": "licores-bebidas-y-aguas",
    "price": 13990,
    "price_original": 20990,
    "currency": "CLP",
    "size": null,
    "unit_price": null,
    "image_url": "https://jumbocl.vteximg.com.br/arquivos/ids/319628-250-250/Pack-12-un-Cerveza-Austral-Calafate-Ale-50%C2%B0-330-cc.jpg?v=638776417909400000",
    "productUrl": "https://www.jumbo.cl/pack-12-unidades-cerveza-austral-calafate-ale-5-0g-330-cc-1968680-pak/p",
    "in_stock": true,
    "promo_text": null,
    "sku": "127786",
    "rating": 5,
    "description": null
  },
  {
    "id": "65768",
    "name": "Bebida Canada Dry Ginger Ale Zero 1.5 L",
    "brand": "Canada Dry",
    "category": "licores-bebidas-y-aguas",
    "price": 1390,
    "price_original": 2050,
    "currency": "CLP",
    "size": null,
    "unit_price": null,
    "image_url": "https://jumbocl.vteximg.com.br/arquivos/ids/309849-250-250/Bebida-Canada-Dry-Ginger-Ale-Zero-15-L.jpg?v=638776390036570000",
    "productUrl": "https://www.jumbo.cl/bebida-canada-dry-zero-1-5-l/p",
    "in_stock": true,
    "promo_text": null,
    "sku": "65768",
    "rating": 3.7,
    "description": null
  },
  {
    "id": "72433",
    "name": "Néctar del Valle Durazno 0% Azúcar Añadida 1.5 L",
    "brand": "Del Valle",
    "category": "licores-bebidas-y-aguas",
    "price": 1790,
    "price_original": null,
    "currency": "CLP",
    "size": null,
    "unit_price": null,
    "image_url": "https://jumbocl.vteximg.com.br/arquivos/ids/362482-250-250/Nectar-Del-Valle-Durazno-0--Azucar-A%C3%B1adida-15-L.jpg?v=638776743247200000",
    "productUrl": "https://www.jumbo.cl/nec-andina-del-valle-dura-light-bot-1-5l/p",
    "in_stock": true,
    "promo_text": "Lleva 2 por $2.690",
    "sku": "72433",
    "rating": null,
    "description": null
  },
  {
    "id": "119244",
    "name": "Espumante Viñamar Brut Rosé 750 cc",
    "brand": "Viñamar",
    "category": "licores-bebidas-y-aguas",
    "price": 5990,
    "price_original": 7390,
    "currency": "CLP",
    "size": null,
    "unit_price": null,
    "image_url": "https://jumbocl.vteximg.com.br/arquivos/ids/316856-250-250/Espumante-Vinamar-Brut-Rose-750-cc.jpg?v=638776410264730000",
    "productUrl": "https://www.jumbo.cl/espum-vinamar-brut-rose-bot-750cc-12-g-1937590/p",
    "in_stock": true,
    "promo_text": "Paga $4.434",
    "sku": "119244",
    "rating": 4.9,
    "description": null
  },
  {
    "id": "432",
    "name": "Bebida Sprite 1.5 L",
    "brand": "Sprite",
    "category": "licores-bebidas-y-aguas",
    "price": 1390,
    "price_original": 2190,
    "currency": "CLP",
    "size": null,
    "unit_price": null,
    "image_url": "https://jumbocl.vteximg.com.br/arquivos/ids/297917-250-250/Bebida-Sprite-15-L.jpg?v=638775745175000000",
    "productUrl": "https://www.jumbo.cl/bebida-sprite-15-l-botella-desechable/p",
    "in_stock": true,
    "promo_text": null,
    "sku": "432",
    "rating": 5,
    "description": null
  },
  {
    "id": "12055",
    "name": "Pisco Alto del Carmen Reservado Transparente 40° Botella 750 cc",
    "brand": "Alto Del Carmen",
    "category": "licores-bebidas-y-aguas",
    "price": 6433,
    "price_original": 9190,
    "currency": "CLP",
    "size": null,
    "unit_price": null,
    "image_url": "https://jumbocl.vteximg.com.br/arquivos/ids/303006-250-250/Pisco-Alto-del-Carmen-Reservado-Transparente-40%C2%B0-Botella-750-cc.jpg?v=638776376529030000",
    "productUrl": "https://www.jumbo.cl/pisco-alto-del-carmen-40-transparente-reservado-750-cc/p",
    "in_stock": true,
    "promo_text": "30% dcto.",
    "sku": "12055",
    "rating": 4.9,
    "description": null
  },
  {
    "id": "130224",
    "name": "Pack 18 un. Cerveza Heineken Lager 5.0° 330 cc",
    "brand": "Heineken",
    "category": "licores-bebidas-y-aguas",
    "price": 13590,
    "price_original": 20990,
    "currency": "CLP",
    "size": null,
    "unit_price": null,
    "image_url": "https://jumbocl.vteximg.com.br/arquivos/ids/320597-250-250/Pack-18-un-Cerveza-Heineken-Lager-50%C2%B0-330-cc.jpg?v=638776420902070000",
    "productUrl": "https://www.jumbo.cl/pack-18-unidades-cerveza-heineken-lager-5-0g-330-cc-1973515/p",
    "in_stock": true,
    "promo_text": "Paga $9.990",
    "sku": "130224",
    "rating": 4.7,
    "description": null
  },
  {
    "id": "21577",
    "name": "Whisky Johnnie Walker Black Label 1 L",
    "brand": "Johnnie Walker",
    "category": "licores-bebidas-y-aguas",
    "price": 29393,
    "price_original": 41990,
    "currency": "CLP",
    "size": null,
    "unit_price": null,
    "image_url": "https://jumbocl.vteximg.com.br/arquivos/ids/304526-250-250/Whisky-Johnnie-Walker-Black-Label-1-L.jpg?v=638776380125200000",
    "productUrl": "https://www.jumbo.cl/whisky-johnnie-walker-1-l-40-etiqueta-negra/p",
    "in_stock": true,
    "promo_text": "30% dcto.",
    "sku": "21577",
    "rating": 5,
    "description": null
  },
  {
    "id": "102895",
    "name": "Néctar Watt's 0% Azúcar Añadida Mango 1.5 L",
    "brand": "Watt's",
    "category": "licores-bebidas-y-aguas",
    "price": 1990,
    "price_original": null,
    "currency": "CLP",
    "size": null,
    "unit_price": null,
    "image_url": "https://jumbocl.vteximg.com.br/arquivos/ids/313932-250-250/Nectar-Watt-s-0--Azucar-A%C3%B1adida-Mango-15-L.jpg?v=638776400869330000",
    "productUrl": "https://www.jumbo.cl/nectar-watt-s-0-mango-1-5lt-1880064/p",
    "in_stock": true,
    "promo_text": "Lleva 2 por $3.000",
    "sku": "102895",
    "rating": 4.5,
    "description": null
  },
  {
    "id": "141046",
    "name": "Cerveza Austral Calafate Ale 5.0° Lata 470 cc",
    "brand": "Austral",
    "category": "licores-bebidas-y-aguas",
    "price": 1990,
    "price_original": null,
    "currency": "CLP",
    "size": null,
    "unit_price": null,
    "image_url": "https://jumbocl.vteximg.com.br/arquivos/ids/334926-250-250/Cerveza-Austral-Calafate-Ale-50%C2%B0-Lata-470-cc.jpg?v=638776436009300000",
    "productUrl": "https://www.jumbo.cl/cerveza-austral-calafate-lata-470cc-5-2006377/p",
    "in_stock": true,
    "promo_text": "Lleva 2 por $2.990",
    "sku": "141046",
    "rating": 5,
    "description": null
  },
  {
    "id": "127785",
    "name": "Pack 12 un. Cerveza Kunstmann Torobayo Pale Ale 5.0° 330 cc",
    "brand": "Kunstmann",
    "category": "licores-bebidas-y-aguas",
    "price": 13990,
    "price_original": 21490,
    "currency": "CLP",
    "size": null,
    "unit_price": null,
    "image_url": "https://jumbocl.vteximg.com.br/arquivos/ids/319602-250-250/Pack-12-un-Cerveza-Kunstmann-Torobayo-Pale-Ale-50%C2%B0-330-cc.jpg?v=638776417866330000",
    "productUrl": "https://www.jumbo.cl/pack-12-unidades-cerveza-kunstmann-torobayo-pale-ale-5-0g-330-cc-1964135-pak/p",
    "in_stock": true,
    "promo_text": null,
    "sku": "127785",
    "rating": 5,
    "description": null
  },
  {
    "id": "122416",
    "name": "Bebida Ginger Ale Schweppes Sin Azúcar 1.5 L",
    "brand": "Schweppes",
    "category": "licores-bebidas-y-aguas",
    "price": 1390,
    "price_original": 2190,
    "currency": "CLP",
    "size": null,
    "unit_price": null,
    "image_url": "https://jumbocl.vteximg.com.br/arquivos/ids/388064-250-250/Ginger-Ale-sin-azucar-15-L.jpg?v=638776854343800000",
    "productUrl": "https://www.jumbo.cl/beb-gas-schweppes-gin-ale-s-azuc-pet-1-5-1950830/p",
    "in_stock": true,
    "promo_text": null,
    "sku": "122416",
    "rating": null,
    "description": null
  },
  {
    "id": "11316",
    "name": "Cerveza Bitburger Premium Pils 4.8° 500 cc",
    "brand": "Bitburger",
    "category": "licores-bebidas-y-aguas",
    "price": 1490,
    "price_original": null,
    "currency": "CLP",
    "size": null,
    "unit_price": null,
    "image_url": "https://jumbocl.vteximg.com.br/arquivos/ids/302128-250-250/Cerveza-Bitburger-Premium-Pils-48%C2%B0-500-cc.jpg?v=638776375823970000",
    "productUrl": "https://www.jumbo.cl/cerveza-bitburger-premium-pils-4-8g-500-cc-1047037/p",
    "in_stock": true,
    "promo_text": "Paga $894",
    "sku": "11316",
    "rating": 5,
    "description": null
  },
  {
    "id": "127609",
    "name": "Pack 18 un. Cerveza Sol Lager 4.5° 330 cc",
    "brand": "Sol",
    "category": "licores-bebidas-y-aguas",
    "price": 13590,
    "price_original": 19990,
    "currency": "CLP",
    "size": null,
    "unit_price": null,
    "image_url": "https://jumbocl.vtexassets.com/arquivos/ids/319563-250-250/Pack-18-un-Cerveza-Sol-Lager-45%C2%B0-330-cc.jpg?v=638776417785070000",
    "productUrl": "https://www.jumbo.cl/pack-18-unidades-cerveza-sol-lager-4-5g-330-cc-1964132-pak/p",
    "in_stock": true,
    "promo_text": "Paga $9.990",
    "sku": "127609",
    "rating": null,
    "description": null
  },
  {
    "id": "29120",
    "name": "Whisky Johnnie Walker Blue Label 750 cc",
    "brand": "Johnnie Walker",
    "category": "licores-bebidas-y-aguas",
    "price": 315990,
    "price_original": null,
    "currency": "CLP",
    "size": null,
    "unit_price": null,
    "image_url": "https://jumbocl.vtexassets.com/arquivos/ids/306776-250-250/Whisky-Johnnie-Walker-Blue-Label-750-cc.jpg?v=638953096192800000",
    "productUrl": "https://www.jumbo.cl/whisky-johnny-walker-blue-label-750-cc/p",
    "in_stock": true,
    "promo_text": null,
    "sku": "29120",
    "rating": 4.9,
    "description": null
  },
  {
    "id": "11926",
    "name": "Vino Tarapacá Gran Reserva Cabernet Sauvignon 750 cc",
    "brand": "Tarapacá",
    "category": "licores-bebidas-y-aguas",
    "price": 12150,
    "price_original": null,
    "currency": "CLP",
    "size": null,
    "unit_price": null,
    "image_url": "https://jumbocl.vteximg.com.br/arquivos/ids/302986-250-250/Vino-Tarapaca-Gran-Reserva-Cabernet-Sauvignon-750-cc.jpg?v=638776376504330000",
    "productUrl": "https://www.jumbo.cl/cabernet-sauvignon-gran-reserva-tarapaca-vina-tarapaca-750-cc/p",
    "in_stock": true,
    "promo_text": "Paga $7.290",
    "sku": "11926",
    "rating": 4.5,
    "description": null
  },
  {
    "id": "144365",
    "name": "Bebida Fanta Naranja 1.5 L",
    "brand": "Fanta",
    "category": "licores-bebidas-y-aguas",
    "price": 1390,
    "price_original": 2190,
    "currency": "CLP",
    "size": null,
    "unit_price": null,
    "image_url": "https://jumbocl.vteximg.com.br/arquivos/ids/537989-250-250/Bebida-Fanta-Naranja-15-L.jpg?v=638984612079600000",
    "productUrl": "https://www.jumbo.cl/beb-fanta-pet-1-5l-2020044/p",
    "in_stock": true,
    "promo_text": null,
    "sku": "144365",
    "rating": null,
    "description": null
  },
  {
    "id": "24689",
    "name": "Espumante Valdivieso Brut 750 cc",
    "brand": "Valdivieso",
    "category": "licores-bebidas-y-aguas",
    "price": 4823,
    "price_original": 6890,
    "currency": "CLP",
    "size": null,
    "unit_price": null,
    "image_url": "https://jumbocl.vteximg.com.br/arquivos/ids/305659-250-250/Espumante-Brut-12%C2%B0-750-cc.jpg?v=638776381723300000",
    "productUrl": "https://www.jumbo.cl/champana-vina-valdivieso-750-ml-brut/p",
    "in_stock": true,
    "promo_text": "30% dcto.",
    "sku": "24689",
    "rating": 4.7,
    "description": null
  },
  {
    "id": "11977",
    "name": "Vino Tarapacá Reserva Carmenere 750 cc",
    "brand": "Tarapacá",
    "category": "licores-bebidas-y-aguas",
    "price": 5990,
    "price_original": null,
    "currency": "CLP",
    "size": null,
    "unit_price": null,
    "image_url": "https://jumbocl.vteximg.com.br/arquivos/ids/302375-250-250/Vino-Tarapaca-Reserva-Carmenere-750-cc.jpg?v=638776376026570000",
    "productUrl": "https://www.jumbo.cl/carmenere-vina-tarapaca-750-cc-reserva/p",
    "in_stock": true,
    "promo_text": "Paga $3.594",
    "sku": "11977",
    "rating": 4.8,
    "description": null
  },
  {
    "id": "153887",
    "name": "Pack 24 un. Cerveza Royal Guard Golden Lager Lata 350 cc",
    "brand": "Royal Guard",
    "category": "licores-bebidas-y-aguas",
    "price": 10990,
    "price_original": 18890,
    "currency": "CLP",
    "size": null,
    "unit_price": null,
    "image_url": "https://jumbocl.vteximg.com.br/arquivos/ids/486012-250-250/Pack-24-un-Cerveza-Royal-Guard-Golden-Lager-Lata-350-cc.jpg?v=638914740425300000",
    "productUrl": "https://www.jumbo.cl/cerveza-royal-guard-golden-24x350cc-4-5-2042461-pak/p",
    "in_stock": true,
    "promo_text": null,
    "sku": "153887",
    "rating": null,
    "description": null
  },
  {
    "id": "141139",
    "name": "Pack Bebida Coca-Cola Zero 3 L + Fanta Sin Azúcar 3 L",
    "brand": "Coca-Cola",
    "category": "licores-bebidas-y-aguas",
    "price": 4690,
    "price_original": 5450,
    "currency": "CLP",
    "size": null,
    "unit_price": null,
    "image_url": "https://jumbocl.vteximg.com.br/arquivos/ids/496397-250-250/Pack-Bebida-Coca-Cola-Zero-3-L---Fanta-Sin-Azucar-3-L.jpg?v=638911647643600000",
    "productUrl": "https://www.jumbo.cl/dualpack-coca-cola-zero-y-fanta-zero-3l-2006284/p",
    "in_stock": true,
    "promo_text": null,
    "sku": "141139",
    "rating": null,
    "description": null
  },
  {
    "id": "44108",
    "name": "Pack 6 un. Cerveza Stones Maracuya Fuit Beer 2.5° 350 cc",
    "brand": "Stones",
    "category": "licores-bebidas-y-aguas",
    "price": 6590,
    "price_original": null,
    "currency": "CLP",
    "size": null,
    "unit_price": null,
    "image_url": "https://jumbocl.vteximg.com.br/arquivos/ids/532862-250-250/Pack-6-un-Cerveza-Stones-Maracuya-Fuit-Beer-25%C2%B0-350-cc.jpg?v=638979414709830000",
    "productUrl": "https://www.jumbo.cl/pack-6-unidades-cerveza-stones-maracuya-fuit-beer-2-5g-350-cc-1649567-pak/p",
    "in_stock": true,
    "promo_text": "Lleva 2 por $8.990",
    "sku": "44108",
    "rating": 5,
    "description": null
  },
  {
    "id": "17365",
    "name": "Cerveza Benediktiner Helles Lager 5.0° 500 cc",
    "brand": "Benediktiner",
    "category": "licores-bebidas-y-aguas",
    "price": 1590,
    "price_original": null,
    "currency": "CLP",
    "size": null,
    "unit_price": null,
    "image_url": "https://jumbocl.vteximg.com.br/arquivos/ids/303788-250-250/Cerveza-Benediktiner-Helles-Lager-50%C2%B0-500-cc.jpg?v=638776378140630000",
    "productUrl": "https://www.jumbo.cl/cerveza-benediktiner-helles-lager-5-0g-500-cc-1642326/p",
    "in_stock": true,
    "promo_text": "Paga $954",
    "sku": "17365",
    "rating": 4.3,
    "description": null
  },
  {
    "id": "511",
    "name": "Bebida Inca Kola Sin Azúcar 1.5 L",
    "brand": "Inca Kola",
    "category": "licores-bebidas-y-aguas",
    "price": 1390,
    "price_original": 2190,
    "currency": "CLP",
    "size": null,
    "unit_price": null,
    "image_url": "https://jumbocl.vteximg.com.br/arquivos/ids/297992-250-250/Bebida-Inca-Kola-Sin-Azucar-15-L.jpg?v=638775746098930000",
    "productUrl": "https://www.jumbo.cl/bebida-zero-inca-kola-botella-15-l/p",
    "in_stock": true,
    "promo_text": null,
    "sku": "511",
    "rating": 5,
    "description": null
  },
  {
    "id": "11287",
    "name": "Pack 12 un. Cerveza Heineken 350 cc",
    "brand": "Heineken",
    "category": "licores-bebidas-y-aguas",
    "price": 7990,
    "price_original": 11990,
    "currency": "CLP",
    "size": null,
    "unit_price": null,
    "image_url": "https://jumbocl.vteximg.com.br/arquivos/ids/448872-250-250/Pack-12-un-Cerveza-Heineken-50%C2%B0-Lata-350-cc.jpg?v=638843138528370000",
    "productUrl": "https://www.jumbo.cl/pack-de-cervezas-heineken-12-unid-350-cc-c-u/p",
    "in_stock": true,
    "promo_text": null,
    "sku": "11287",
    "rating": 5,
    "description": null
  },
  {
    "id": "17363",
    "name": "Cerveza Benediktiner Weissbier 4.0° 500 cc",
    "brand": "Benediktiner",
    "category": "licores-bebidas-y-aguas",
    "price": 2190,
    "price_original": null,
    "currency": "CLP",
    "size": null,
    "unit_price": null,
    "image_url": "https://jumbocl.vteximg.com.br/arquivos/ids/303761-250-250/Cerveza-Benediktiner-Weissbier-54%C2%B0-500-cc.jpg?v=638776378079500000",
    "productUrl": "https://www.jumbo.cl/cerveza-benediktiner-weissbier-5-4g-500-cc-1532903/p",
    "in_stock": true,
    "promo_text": "Paga $1.314",
    "sku": "17363",
    "rating": 5,
    "description": null
  },
  {
    "id": "25005",
    "name": "Vino Tarapacá Reserva Sauvignon Blanc 750 cc",
    "brand": "Tarapacá",
    "category": "licores-bebidas-y-aguas",
    "price": 5990,
    "price_original": null,
    "currency": "CLP",
    "size": null,
    "unit_price": null,
    "image_url": "https://jumbocl.vteximg.com.br/arquivos/ids/306173-250-250/Vino-Tarapaca-Reserva-Sauvignon-Blanc-750-cc.jpg?v=638776382095930000",
    "productUrl": "https://www.jumbo.cl/sauvignon-blanc-vina-tarapaca-750-ml-gran-tarapaca/p",
    "in_stock": true,
    "promo_text": "Paga $3.594",
    "sku": "25005",
    "rating": 5,
    "description": null
  },
  {
    "id": "274",
    "name": "Espumante Amaranta Brut 750 cc",
    "brand": "Amaranta",
    "category": "licores-bebidas-y-aguas",
    "price": 4193,
    "price_original": 5990,
    "currency": "CLP",
    "size": null,
    "unit_price": null,
    "image_url": "https://jumbocl.vteximg.com.br/arquivos/ids/297807-250-250/Espumante-Brut-750-cc.jpg?v=638775743608330000",
    "productUrl": "https://www.jumbo.cl/brut-amaranta-750-cc-2/p",
    "in_stock": true,
    "promo_text": "30% dcto.",
    "sku": "274",
    "rating": 4.6,
    "description": null
  },
  {
    "id": "120683",
    "name": "Espumante Valdivieso Brut Lata 310 cc",
    "brand": "Valdivieso",
    "category": "licores-bebidas-y-aguas",
    "price": 2065,
    "price_original": 2950,
    "currency": "CLP",
    "size": null,
    "unit_price": null,
    "image_url": "https://jumbocl.vteximg.com.br/arquivos/ids/317337-250-250/Espumante-Valdivieso-Brut-lata-12%C2%B0-310-cc.jpg?v=638776411565930000",
    "productUrl": "https://www.jumbo.cl/espumante-valdivieso-brut-lata-310cc-12-1948038/p",
    "in_stock": true,
    "promo_text": "30% dcto.",
    "sku": "120683",
    "rating": 4.9,
    "description": null
  },
  {
    "id": "88085",
    "name": "Vino Tarapacá Etiqueta Negra Gran Reserva Carmenere 750 cc",
    "brand": "Tarapacá",
    "category": "licores-bebidas-y-aguas",
    "price": 20190,
    "price_original": null,
    "currency": "CLP",
    "size": null,
    "unit_price": null,
    "image_url": "https://jumbocl.vteximg.com.br/arquivos/ids/311746-250-250/Vino-Tarapaca-Etiqueta-Negra-Gran-Reserva-Carmenere-750-cc.jpg?v=638776394539870000",
    "productUrl": "https://www.jumbo.cl/vino-gran-reserva-carmenere-14-750-cc/p",
    "in_stock": true,
    "promo_text": "Paga $12.114",
    "sku": "88085",
    "rating": 5,
    "description": null
  },
  {
    "id": "631",
    "name": "Jugo en Polvo Livean Mango 7 g",
    "brand": "Livean",
    "category": "licores-bebidas-y-aguas",
    "price": 290,
    "price_original": null,
    "currency": "CLP",
    "size": null,
    "unit_price": null,
    "image_url": "https://jumbocl.vteximg.com.br/arquivos/ids/298081-250-250/Jugo-En-Polvo-Livean-Mango-7-g.jpg?v=638775747993800000",
    "productUrl": "https://www.jumbo.cl/jugo-de-mango-livean-sobre-7-g-2/p",
    "in_stock": true,
    "promo_text": "Lleva 10 por $1.990",
    "sku": "631",
    "rating": 5,
    "description": null
  },
  {
    "id": "60370",
    "name": "Vino Tarapacá León Carmenere 750 cc",
    "brand": "Tarapacá",
    "category": "licores-bebidas-y-aguas",
    "price": 3650,
    "price_original": null,
    "currency": "CLP",
    "size": null,
    "unit_price": null,
    "image_url": "https://jumbocl.vteximg.com.br/arquivos/ids/309406-250-250/Vino-Tarapaca-Leon-Carmenere-750-cc.jpg?v=638776388930730000",
    "productUrl": "https://www.jumbo.cl/carmenere-tarapaca-12-botella-750cc/p",
    "in_stock": true,
    "promo_text": "Paga $2.190",
    "sku": "60370",
    "rating": 5,
    "description": null
  },
  {
    "id": "123722",
    "name": "Cerveza Kross Golden Ale 5.3° 470 cc",
    "brand": "Kross",
    "category": "licores-bebidas-y-aguas",
    "price": 2190,
    "price_original": null,
    "currency": "CLP",
    "size": null,
    "unit_price": null,
    "image_url": "https://jumbocl.vteximg.com.br/arquivos/ids/318457-250-250/Cerveza-Kross-Golden-Ale-53%C2%B0-470-cc.jpg?v=638776414459770000",
    "productUrl": "https://www.jumbo.cl/cerveza-kross-golden-ale-5-3g-470-cc-1956804/p",
    "in_stock": true,
    "promo_text": "Lleva 2 por $2.990",
    "sku": "123722",
    "rating": null,
    "description": null
  },
  {
    "id": "12132",
    "name": "Whisky Johnnie Walker Red Label 40° 1 L",
    "brand": "Johnnie Walker",
    "category": "licores-bebidas-y-aguas",
    "price": 13990,
    "price_original": 18390,
    "currency": "CLP",
    "size": null,
    "unit_price": null,
    "image_url": "https://jumbocl.vteximg.com.br/arquivos/ids/303069-250-250/Whisky-Johnnie-Walker-Red-Label-40%C2%B0-1-L.jpg?v=638776376587130000",
    "productUrl": "https://www.jumbo.cl/whisky-johnnie-walker-1-l-40-etiqueta-roja-importado/p",
    "in_stock": true,
    "promo_text": null,
    "sku": "12132",
    "rating": 4.9,
    "description": null
  },
  {
    "id": "25008",
    "name": "Vino Tarapacá Reserva Chardonnay 750 cc",
    "brand": "Tarapacá",
    "category": "licores-bebidas-y-aguas",
    "price": 5990,
    "price_original": null,
    "currency": "CLP",
    "size": null,
    "unit_price": null,
    "image_url": "https://jumbocl.vteximg.com.br/arquivos/ids/305319-250-250/Vino-Tarapaca-Reserva-Chardonnay-750-cc.jpg?v=638776381478200000",
    "productUrl": "https://www.jumbo.cl/chardonnay-vina-tarapaca-750-ml-gran-tarapaca/p",
    "in_stock": true,
    "promo_text": "Paga $3.594",
    "sku": "25008",
    "rating": 4.5,
    "description": null
  },
  {
    "id": "127801",
    "name": "Pack 12 un. Cerveza Coors Lager 5.0° 350 cc",
    "brand": "Coors",
    "category": "licores-bebidas-y-aguas",
    "price": 7990,
    "price_original": 11190,
    "currency": "CLP",
    "size": null,
    "unit_price": null,
    "image_url": "https://jumbocl.vteximg.com.br/arquivos/ids/437459-250-250/Pack-12-un-Cerveza-Coors-Lager-50%C2%B0-Lata-350-cc.jpg?v=638831038951670000",
    "productUrl": "https://www.jumbo.cl/pack-12-unidades-cerveza-coors-lager-5-0g-350-cc-1966564-pak/p",
    "in_stock": true,
    "promo_text": null,
    "sku": "127801",
    "rating": 4.7,
    "description": null
  },
  {
    "id": "80352",
    "name": "Cerveza Bitburger Radler 2.5° 500 cc",
    "brand": "Bitburger",
    "category": "licores-bebidas-y-aguas",
    "price": 1490,
    "price_original": null,
    "currency": "CLP",
    "size": null,
    "unit_price": null,
    "image_url": "https://jumbocl.vteximg.com.br/arquivos/ids/310940-250-250/Cerveza-Bitburger-Radler-25%C2%B0-500-cc.jpg?v=638776392569230000",
    "productUrl": "https://www.jumbo.cl/cerveza-bitburger-radler-2-5g-500-cc-1800451/p",
    "in_stock": true,
    "promo_text": "Paga $894",
    "sku": "80352",
    "rating": 4.8,
    "description": null
  },
  {
    "id": "142099",
    "name": "Pack 12 un. Cerveza Dolbek Pale Ale Maqui 4.8° Botella 330 cc",
    "brand": "D'olbek",
    "category": "licores-bebidas-y-aguas",
    "price": 13990,
    "price_original": 21490,
    "currency": "CLP",
    "size": null,
    "unit_price": null,
    "image_url": "https://jumbocl.vteximg.com.br/arquivos/ids/336278-250-250/CAJA-CERV-DOLBEK-MAQUI-BOT-12X330CC-48%C2%B0.jpg?v=638776437435830000",
    "productUrl": "https://www.jumbo.cl/caja-cerv-dolbek-maqui-bot-12x330cc-4-8/p",
    "in_stock": true,
    "promo_text": null,
    "sku": "142099",
    "rating": 5,
    "description": null
  },
  {
    "id": "132839",
    "name": "Cerveza König Radler Pomelo 2.5° 500 cc",
    "brand": "König",
    "category": "licores-bebidas-y-aguas",
    "price": 1790,
    "price_original": null,
    "currency": "CLP",
    "size": null,
    "unit_price": null,
    "image_url": "https://jumbocl.vteximg.com.br/arquivos/ids/321891-250-250/Cerveza-Konig-Radler-Pomelo-25%C2%B0-500-cc.jpg?v=638776424291030000",
    "productUrl": "https://www.jumbo.cl/cerveza-konig-radler-pomelo-2-5g-500-cc-1970606/p",
    "in_stock": true,
    "promo_text": "Paga $1.074",
    "sku": "132839",
    "rating": 5,
    "description": null
  },
  {
    "id": "156580",
    "name": "Cerveza Austral Lager Botella 4.6° 500 cc",
    "brand": "Austral",
    "category": "licores-bebidas-y-aguas",
    "price": 2590,
    "price_original": null,
    "currency": "CLP",
    "size": null,
    "unit_price": null,
    "image_url": "https://jumbocl.vteximg.com.br/arquivos/ids/524592-250-250/Cerveza-Austral-Lager-Botella-46%C2%B0-500-cc.jpg?v=638960672244570000",
    "productUrl": "https://www.jumbo.cl/cerveza-austral-lager-bot-500cc-4-6-2049285/p",
    "in_stock": true,
    "promo_text": "Lleva 2 por $2.990",
    "sku": "156580",
    "rating": null,
    "description": null
  },
  {
    "id": "60372",
    "name": "Vino Tarapacá León Chardonnay 750 cc",
    "brand": "Tarapacá",
    "category": "licores-bebidas-y-aguas",
    "price": 3650,
    "price_original": null,
    "currency": "CLP",
    "size": null,
    "unit_price": null,
    "image_url": "https://jumbocl.vteximg.com.br/arquivos/ids/309446-250-250/Vino-Tarapaca-Leon-Chardonnay-750-cc.jpg?v=638776389002400000",
    "productUrl": "https://www.jumbo.cl/chardonnay-tarapaca-12-botella-750-cc/p",
    "in_stock": true,
    "promo_text": "Paga $2.190",
    "sku": "60372",
    "rating": 5,
    "description": null
  },
  {
    "id": "130256",
    "name": "Pack 12 un. Cerveza Stella Artois Lager 5.2° 354 cc",
    "brand": "Stella Artois",
    "category": "licores-bebidas-y-aguas",
    "price": 7990,
    "price_original": 9790,
    "currency": "CLP",
    "size": null,
    "unit_price": null,
    "image_url": "https://jumbocl.vteximg.com.br/arquivos/ids/489207-250-250/Pack-12-un-Cerveza-Stella-Artois-Lager-52%C2%B0-354-cc.jpg?v=638899506434330000",
    "productUrl": "https://www.jumbo.cl/pack-12-unidades-cerveza-stella-artois-lager-5-2g-354-cc-1976130-pak/p",
    "in_stock": true,
    "promo_text": null,
    "sku": "130256",
    "rating": 4.7,
    "description": null
  },
  {
    "id": "113432",
    "name": "Vino Tarapacá Biodiversidad Reserva Ensamblaje 750 cc",
    "brand": "Tarapacá",
    "category": "licores-bebidas-y-aguas",
    "price": 5990,
    "price_original": null,
    "currency": "CLP",
    "size": null,
    "unit_price": null,
    "image_url": "https://jumbocl.vteximg.com.br/arquivos/ids/315882-250-250/Vino-Tarapaca-Biodiversidad-Reserva-Ensamblaje-750-cc.jpg?v=638776406806970000",
    "productUrl": "https://www.jumbo.cl/vino-tarapaca-re-biod-ensamb-750cc-13-5-1930371/p",
    "in_stock": true,
    "promo_text": "Paga $3.594",
    "sku": "113432",
    "rating": 3,
    "description": null
  },
  {
    "id": "147543",
    "name": "Pack 12 un. Cerveza Coors Original 5.0° 355 cc",
    "brand": "Coors",
    "category": "licores-bebidas-y-aguas",
    "price": 8990,
    "price_original": 11990,
    "currency": "CLP",
    "size": null,
    "unit_price": null,
    "image_url": "https://jumbocl.vteximg.com.br/arquivos/ids/502949-250-250/Pack-12-un-Cerveza-Coors-Original-50%C2%B0-Botella-355-cc.jpg?v=638924452365300000",
    "productUrl": "https://www.jumbo.cl/pack-cerveza-coors-5-botella-12x355cc-2030064-pak/p",
    "in_stock": true,
    "promo_text": null,
    "sku": "147543",
    "rating": null,
    "description": null
  },
  {
    "id": "11315",
    "name": "Cerveza Bitburger Premium Pils 4.8° 5 L",
    "brand": "Bitburger",
    "category": "licores-bebidas-y-aguas",
    "price": 20990,
    "price_original": null,
    "currency": "CLP",
    "size": null,
    "unit_price": null,
    "image_url": "https://jumbocl.vteximg.com.br/arquivos/ids/302090-250-250/Cerveza-Bitburger-Premium-Pils-48%C2%B0-5-L.jpg?v=638776375791400000",
    "productUrl": "https://www.jumbo.cl/cerveza-bitburger-premium-pils-4-8g-5-l-1640829/p",
    "in_stock": true,
    "promo_text": "Paga $12.594",
    "sku": "11315",
    "rating": 5,
    "description": null
  },
  {
    "id": "150628",
    "name": "Pack 18 un. Cerveza Budweiser Botellín 330 cc",
    "brand": "Budweiser",
    "category": "licores-bebidas-y-aguas",
    "price": 11990,
    "price_original": 20490,
    "currency": "CLP",
    "size": null,
    "unit_price": null,
    "image_url": "https://jumbocl.vteximg.com.br/arquivos/ids/477586-250-250/Pack-18-un-Cerveza-Budweiser-Botellin-330-cc.jpg?v=638875819368100000",
    "productUrl": "https://www.jumbo.cl/cerveza-budwe-5-2040176-pak/p",
    "in_stock": true,
    "promo_text": "Paga $10.990",
    "sku": "150628",
    "rating": null,
    "description": null
  },
  {
    "id": "132842",
    "name": "Cerveza Benediktiner Weissbier 4.0° 5 L",
    "brand": "Benediktiner",
    "category": "licores-bebidas-y-aguas",
    "price": 20990,
    "price_original": null,
    "currency": "CLP",
    "size": null,
    "unit_price": null,
    "image_url": "https://jumbocl.vteximg.com.br/arquivos/ids/321646-250-250/Cerveza-Benediktiner-Weissbier-54%C2%B0-5-L.jpg?v=638776423817770000",
    "productUrl": "https://www.jumbo.cl/cerveza-benediktiner-weissbier-5-4g-5-l-1970268/p",
    "in_stock": true,
    "promo_text": "Paga $12.594",
    "sku": "132842",
    "rating": null,
    "description": null
  },
  {
    "id": "11344",
    "name": "Cerveza Bitburger Premium Pils Sin Alcohol 330 cc",
    "brand": "Bitburger",
    "category": "licores-bebidas-y-aguas",
    "price": 1390,
    "price_original": null,
    "currency": "CLP",
    "size": null,
    "unit_price": null,
    "image_url": "https://jumbocl.vteximg.com.br/arquivos/ids/302013-250-250/Cerveza-Bitburger-Premium-Pils-Sin-alcohol-330-cc.jpg?v=638857751340470000",
    "productUrl": "https://www.jumbo.cl/cerveza-bitburger-premium-pils-sin-alcohol-330-cc-1047039/p",
    "in_stock": true,
    "promo_text": "Paga $834",
    "sku": "11344",
    "rating": 5,
    "description": null
  },
  {
    "id": "11925",
    "name": "Vino Tarapacá Etiqueta Negra Gran Reserva Cabernet Sauvignon 750 cc",
    "brand": "Tarapacá",
    "category": "licores-bebidas-y-aguas",
    "price": 20190,
    "price_original": null,
    "currency": "CLP",
    "size": null,
    "unit_price": null,
    "image_url": "https://jumbocl.vteximg.com.br/arquivos/ids/302943-250-250/Vino-Tarapaca-Etiqueta-Negra-Gran-Reserva-Cabernet-Sauvignon-750-cc.jpg?v=638776376466430000",
    "productUrl": "https://www.jumbo.cl/cabernet-sauvignon-etiqueta-negra-gran-reserva-vina-tarapaca-750-cc/p",
    "in_stock": true,
    "promo_text": "Paga $12.114",
    "sku": "11925",
    "rating": 5,
    "description": null
  },
  {
    "id": "11927",
    "name": "Vino Tarapacá Reserva Cabernet Sauvignon 750 cc",
    "brand": "Tarapacá",
    "category": "licores-bebidas-y-aguas",
    "price": 5990,
    "price_original": null,
    "currency": "CLP",
    "size": null,
    "unit_price": null,
    "image_url": "https://jumbocl.vteximg.com.br/arquivos/ids/303019-250-250/Vino-Tarapaca-Reserva-Cabernet-Sauvignon-750-cc.jpg?v=638776376538270000",
    "productUrl": "https://www.jumbo.cl/cabernet-sauvignon-gran-tarapaca-reserva-vina-tarapaca-750-cc/p",
    "in_stock": true,
    "promo_text": "Paga $3.594",
    "sku": "11927",
    "rating": 4.8,
    "description": null
  },
  {
    "id": "140918",
    "name": "Vino Santa Ema Carmenere Reserva 750 cc",
    "brand": "Santa Ema",
    "category": "licores-bebidas-y-aguas",
    "price": 5690,
    "price_original": null,
    "currency": "CLP",
    "size": null,
    "unit_price": null,
    "image_url": "https://jumbocl.vteximg.com.br/arquivos/ids/334340-250-250/VINO-STA-EMA-CARMENERE-RVA-750CC-13%C2%B0.jpg?v=638776435577930000",
    "productUrl": "https://www.jumbo.cl/vino-sta-ema-carmenere-rva-750cc-13-2008072/p",
    "in_stock": true,
    "promo_text": "3 por 2 a $11.381",
    "sku": "140918",
    "rating": 4.5,
    "description": null
  },
  {
    "id": "141045",
    "name": "Cerveza Austral Torres del Paine 6.1° Lata 470 cc",
    "brand": "Austral",
    "category": "licores-bebidas-y-aguas",
    "price": 1990,
    "price_original": null,
    "currency": "CLP",
    "size": null,
    "unit_price": null,
    "image_url": "https://jumbocl.vteximg.com.br/arquivos/ids/334878-250-250/Cerveza-Austral-Torres-del-Paine--61%C2%B0-Lata-470-cc.jpg?v=638776435971030000",
    "productUrl": "https://www.jumbo.cl/cer-austral-torres-paine-lat-470cc-6-1-2006378/p",
    "in_stock": true,
    "promo_text": "Lleva 2 por $2.990",
    "sku": "141045",
    "rating": null,
    "description": null
  },
  {
    "id": "43800",
    "name": "Pack 4 un. Cerveza Austral Calafate Ale 5.0° 330 cc",
    "brand": "Austral",
    "category": "licores-bebidas-y-aguas",
    "price": 6490,
    "price_original": 7190,
    "currency": "CLP",
    "size": null,
    "unit_price": null,
    "image_url": "https://jumbocl.vteximg.com.br/arquivos/ids/307610-250-250/Pack-4-un-Cerveza-Austral-Calafate-Ale-50%C2%B0-330-cc.jpg?v=638776385061400000",
    "productUrl": "https://www.jumbo.cl/pack-4-unidades-cerveza-austral-calafate-ale-5-0g-330-cc-669052-pak/p",
    "in_stock": true,
    "promo_text": "Paga $5.990",
    "sku": "43800",
    "rating": 4.8,
    "description": null
  },
  {
    "id": "17379",
    "name": "Cerveza Konigsbacher Pils 4.6° 500 cc",
    "brand": "Königsbacher",
    "category": "licores-bebidas-y-aguas",
    "price": 990,
    "price_original": null,
    "currency": "CLP",
    "size": null,
    "unit_price": null,
    "image_url": "https://jumbocl.vteximg.com.br/arquivos/ids/303914-250-250/Cerveza-Konigsbacher-Pils-46%C2%B0-500-cc.jpg?v=638776378372570000",
    "productUrl": "https://www.jumbo.cl/cerveza-konigsbacher-pils-4-6g-500-cc-1128026/p",
    "in_stock": true,
    "promo_text": null,
    "sku": "17379",
    "rating": 5,
    "description": null
  },
  {
    "id": "56796",
    "name": "Vino Orgánico Gran Reserva Tarapacá Ensamblaje 750 cc",
    "brand": "Tarapacá",
    "category": "licores-bebidas-y-aguas",
    "price": 12190,
    "price_original": null,
    "currency": "CLP",
    "size": null,
    "unit_price": null,
    "image_url": "https://jumbocl.vteximg.com.br/arquivos/ids/309027-250-250/Vino-Organico-Gran-Reserva-Tarapaca-Ensamblaje-750-cc.jpg?v=638776387994170000",
    "productUrl": "https://www.jumbo.cl/vino-gran-14-natura-bot-750cc-plus/p",
    "in_stock": true,
    "promo_text": "Paga $7.314",
    "sku": "56796",
    "rating": 4,
    "description": null
  },
  {
    "id": "43992",
    "name": "Pack 4 un. Cerveza Austral Lager 4.6° 330 cc",
    "brand": "Austral",
    "category": "licores-bebidas-y-aguas",
    "price": 6490,
    "price_original": 7190,
    "currency": "CLP",
    "size": null,
    "unit_price": null,
    "image_url": "https://jumbocl.vteximg.com.br/arquivos/ids/307581-250-250/Pack-4-un-Cerveza-Austral-Lager-46%C2%B0-330-cc.jpg?v=638776385019300000",
    "productUrl": "https://www.jumbo.cl/pack-4-unidades-cerveza-austral-lager-4-6g-330-cc-263486-pak/p",
    "in_stock": true,
    "promo_text": "Paga $5.990",
    "sku": "43992",
    "rating": 4.8,
    "description": null
  },
  {
    "id": "128411",
    "name": "Vino Tarapacá Etiqueta Roja Gran Reserva Ensamblaje 750 cc",
    "brand": "Tarapacá",
    "category": "licores-bebidas-y-aguas",
    "price": 12890,
    "price_original": null,
    "currency": "CLP",
    "size": null,
    "unit_price": null,
    "image_url": "https://jumbocl.vteximg.com.br/arquivos/ids/320242-250-250/Vino-Tarapaca-Etiqueta-Roja-Gran-Reserva-Ensamblaje-750-cc.jpg?v=638776418855270000",
    "productUrl": "https://www.jumbo.cl/vino-g-rva-cabernet-syrah-750cc-14-1-1971358/p",
    "in_stock": true,
    "promo_text": "Paga $7.734",
    "sku": "128411",
    "rating": null,
    "description": null
  },
  {
    "id": "122494",
    "name": "Cerveza Tamango Corta Corriente Hazy Ipa 6.0° 355 cc",
    "brand": "Tamango",
    "category": "licores-bebidas-y-aguas",
    "price": 3450,
    "price_original": null,
    "currency": "CLP",
    "size": null,
    "unit_price": null,
    "image_url": "https://jumbocl.vteximg.com.br/arquivos/ids/453483-250-250/Cerveza-Tamango-Corta-Corriente-Hazy-Ipa-60%C2%B0-355-cc.jpg?v=638854278518470000",
    "productUrl": "https://www.jumbo.cl/cerveza-tamango-corta-corriente-hazy-ipa-6-0g-355-cc-1937901/p",
    "in_stock": true,
    "promo_text": null,
    "sku": "122494",
    "rating": 4.5,
    "description": null
  },
  {
    "id": "17364",
    "name": "Cerveza Benediktiner Dunkel 4.0° 500 cc",
    "brand": "Benediktiner",
    "category": "licores-bebidas-y-aguas",
    "price": 2190,
    "price_original": null,
    "currency": "CLP",
    "size": null,
    "unit_price": null,
    "image_url": "https://jumbocl.vteximg.com.br/arquivos/ids/303777-250-250/Cerveza-Benediktiner-Dunkel-54%C2%B0-500-cc.jpg?v=638776378110230000",
    "productUrl": "https://www.jumbo.cl/cerveza-benediktiner-dunkel-5-4g-500-cc-1590223/p",
    "in_stock": true,
    "promo_text": "Paga $1.314",
    "sku": "17364",
    "rating": 5,
    "description": null
  },
  {
    "id": "24595",
    "name": "Vino Santa Ema Gran Reserva Merlot 750 cc",
    "brand": "Santa Ema",
    "category": "licores-bebidas-y-aguas",
    "price": 8990,
    "price_original": 11290,
    "currency": "CLP",
    "size": null,
    "unit_price": null,
    "image_url": "https://jumbocl.vteximg.com.br/arquivos/ids/305073-250-250/Vino-Santa-Ema-Gran-Reserva-Merlot-750-cc.jpg?v=638776381195670000",
    "productUrl": "https://www.jumbo.cl/merlot-vi-a-santa-ema-reserva-14-750-cc/p",
    "in_stock": true,
    "promo_text": null,
    "sku": "24595",
    "rating": 4.9,
    "description": null
  },
  {
    "id": "112803",
    "name": "Cerveza Oettinger Schwarz Stout 4.9° 500 cc",
    "brand": "Oettinger",
    "category": "licores-bebidas-y-aguas",
    "price": 990,
    "price_original": null,
    "currency": "CLP",
    "size": null,
    "unit_price": null,
    "image_url": "https://jumbocl.vteximg.com.br/arquivos/ids/315751-250-250/Cerveza-Oettinger-Schwarz-Stout-49%C2%B0-500-cc.jpg?v=638776406224470000",
    "productUrl": "https://www.jumbo.cl/cerveza-oettinger-schwarz-stout-4-9g-500-cc-1904091/p",
    "in_stock": true,
    "promo_text": null,
    "sku": "112803",
    "rating": 4.7,
    "description": null
  },
  {
    "id": "17333",
    "name": "Cerveza Köstritzer Schwarzbier 4.8° 330 cc",
    "brand": "Köstritzer",
    "category": "licores-bebidas-y-aguas",
    "price": 1890,
    "price_original": null,
    "currency": "CLP",
    "size": null,
    "unit_price": null,
    "image_url": "https://jumbocl.vteximg.com.br/arquivos/ids/303932-250-250/Cerveza-Kostritzer-Schwaizer-48%C2%B0-330-cc.jpg?v=638776378420230000",
    "productUrl": "https://www.jumbo.cl/cerveza-kostritzer-schwaizer-4-8g-330-cc-1047045/p",
    "in_stock": true,
    "promo_text": "Paga $1.134",
    "sku": "17333",
    "rating": null,
    "description": null
  },
  {
    "id": "24864",
    "name": "Vino Santa Ema Gran Reserva Carmenere 750 cc",
    "brand": "Santa Ema",
    "category": "licores-bebidas-y-aguas",
    "price": 8990,
    "price_original": 11290,
    "currency": "CLP",
    "size": null,
    "unit_price": null,
    "image_url": "https://jumbocl.vteximg.com.br/arquivos/ids/305797-250-250/Vino-Carmenere-Gran-Reserva-750-cc.jpg?v=638776381818000000",
    "productUrl": "https://www.jumbo.cl/carmenere-vi-a-santa-ema-reserva-13-5-750-cc/p",
    "in_stock": true,
    "promo_text": null,
    "sku": "24864",
    "rating": 5,
    "description": null
  },
  {
    "id": "123764",
    "name": "Cerveza Guinness 4.2° Lata 440 cc",
    "brand": "Guinness",
    "category": "licores-bebidas-y-aguas",
    "price": 3190,
    "price_original": null,
    "currency": "CLP",
    "size": null,
    "unit_price": null,
    "image_url": "https://jumbocl.vteximg.com.br/arquivos/ids/318455-250-250/Cerveza-Guinness-42%C2%B0-lata-440-cc.jpg?v=638776414450400000",
    "productUrl": "https://www.jumbo.cl/cerveza-guinness-4-2g-lata-440-cc-1947528/p",
    "in_stock": true,
    "promo_text": null,
    "sku": "123764",
    "rating": 4.8,
    "description": null
  },
  {
    "id": "132840",
    "name": "Cerveza Köstritzer Schwarzbier 4.8° 5 L",
    "brand": "Köstritzer",
    "category": "licores-bebidas-y-aguas",
    "price": 20990,
    "price_original": null,
    "currency": "CLP",
    "size": null,
    "unit_price": null,
    "image_url": "https://jumbocl.vteximg.com.br/arquivos/ids/321900-250-250/Cerveza-Kostritzer-Schwarzbier-48%C2%B0-5-L.jpg?v=638776424327770000",
    "productUrl": "https://www.jumbo.cl/cerveza-kostritzer-schwarzbier-4-8g-5-l-1967023/p",
    "in_stock": true,
    "promo_text": "Paga $12.594",
    "sku": "132840",
    "rating": 5,
    "description": null
  },
  {
    "id": "17335",
    "name": "Cerveza Bitburger Premium Pils 4.8° 330 cc",
    "brand": "Bitburger",
    "category": "licores-bebidas-y-aguas",
    "price": 1490,
    "price_original": null,
    "currency": "CLP",
    "size": null,
    "unit_price": null,
    "image_url": "https://jumbocl.vteximg.com.br/arquivos/ids/304028-250-250/Cerveza-Bitburger-Premium-Pils-48%C2%B0-330-cc.jpg?v=638776378656600000",
    "productUrl": "https://www.jumbo.cl/cerveza-bitburger-premium-pils-4-8g-330-cc-1047038/p",
    "in_stock": true,
    "promo_text": "Paga $894",
    "sku": "17335",
    "rating": null,
    "description": null
  },
  {
    "id": "43995",
    "name": "Pack 4 un. Cerveza Kunstmann Miel 4.8° 330 cc",
    "brand": "Kunstmann",
    "category": "licores-bebidas-y-aguas",
    "price": 6490,
    "price_original": 8290,
    "currency": "CLP",
    "size": null,
    "unit_price": null,
    "image_url": "https://jumbocl.vteximg.com.br/arquivos/ids/307605-250-250/Pack-4-un-Cerveza-Kunstmann-Miel-48%C2%B0-330-cc.jpg?v=638776385056770000",
    "productUrl": "https://www.jumbo.cl/pack-4-unidades-cerveza-kunstmann-miel-4-8g-330-cc-480655-pak/p",
    "in_stock": true,
    "promo_text": "Paga $5.990",
    "sku": "43995",
    "rating": 4.6,
    "description": null
  },
  {
    "id": "112807",
    "name": "Cerveza Oettinger Weissbier 4.9° 500 cc",
    "brand": "Oettinger",
    "category": "licores-bebidas-y-aguas",
    "price": 990,
    "price_original": null,
    "currency": "CLP",
    "size": null,
    "unit_price": null,
    "image_url": "https://jumbocl.vteximg.com.br/arquivos/ids/315790-250-250/Cerveza-Oettinger-Weissbier-49%C2%B0-500-cc.jpg?v=638776406313100000",
    "productUrl": "https://www.jumbo.cl/cerveza-oettinger-weissbier-4-9g-500-cc-1904089/p",
    "in_stock": true,
    "promo_text": null,
    "sku": "112807",
    "rating": 5,
    "description": null
  },
  {
    "id": "108518",
    "name": "Cerveza Konigsbacher Weizen 5.1° 500 cc",
    "brand": "Königsbacher",
    "category": "licores-bebidas-y-aguas",
    "price": 1190,
    "price_original": null,
    "currency": "CLP",
    "size": null,
    "unit_price": null,
    "image_url": "https://jumbocl.vteximg.com.br/arquivos/ids/315109-250-250/Cerveza-Konigsbacher-Weizen-51%C2%B0-500-cc.jpg?v=638776403866230000",
    "productUrl": "https://www.jumbo.cl/cerveza-konigsbacher-weizen-5-1g-500-cc-1898650/p",
    "in_stock": true,
    "promo_text": null,
    "sku": "108518",
    "rating": 4.8,
    "description": null
  },
  {
    "id": "96381",
    "name": "Pack 4 un. Cerveza Austral Torres del Paine Lager 6.1° 330 cc",
    "brand": "Austral",
    "category": "licores-bebidas-y-aguas",
    "price": 6490,
    "price_original": 7190,
    "currency": "CLP",
    "size": null,
    "unit_price": null,
    "image_url": "https://jumbocl.vteximg.com.br/arquivos/ids/312853-250-250/Pack-4-un-Cerveza-Austral-Torres-del-Paine-Lager-61%C2%B0-330-cc.jpg?v=638776397805700000",
    "productUrl": "https://www.jumbo.cl/pack-4-unidades-cerveza-austral-torres-del-paine-lager-6-1g-330-cc-1844704-pak/p",
    "in_stock": true,
    "promo_text": "Paga $5.990",
    "sku": "96381",
    "rating": 5,
    "description": null
  },
  {
    "id": "44232",
    "name": "Pack 4 un. Cerveza Austral Yagan Dark Ale 5.0° 330 cc",
    "brand": "Austral",
    "category": "licores-bebidas-y-aguas",
    "price": 6490,
    "price_original": 7190,
    "currency": "CLP",
    "size": null,
    "unit_price": null,
    "image_url": "https://jumbocl.vteximg.com.br/arquivos/ids/307657-250-250/Pack-4-un-Cerveza-Austral-Yagan-Dark-Ale-50%C2%B0-330-cc.jpg?v=638776385142500000",
    "productUrl": "https://www.jumbo.cl/pack-4-unidades-cerveza-austral-yagan-dark-ale-5-0g-330-cc-712099-pak/p",
    "in_stock": true,
    "promo_text": "Paga $5.990",
    "sku": "44232",
    "rating": 5,
    "description": null
  },
  {
    "id": "119197",
    "name": "Agua Purificada Sin Gas 3 L",
    "brand": "Cuisine & Co",
    "category": "licores-bebidas-y-aguas",
    "price": 1290,
    "price_original": null,
    "currency": "CLP",
    "size": null,
    "unit_price": null,
    "image_url": "https://jumbocl.vteximg.com.br/arquivos/ids/384268-250-250/Agua-Purificada-Sin-Gas-3-L.jpg?v=638776839304630000",
    "productUrl": "https://www.jumbo.cl/agua-purificada-s-gas-3l-cuisine-and-co-1930469/p",
    "in_stock": true,
    "promo_text": null,
    "sku": "119197",
    "rating": null,
    "description": null
  },
  {
    "id": "108519",
    "name": "Cerveza Königsbacher Schwarz 4.7° 500 cc",
    "brand": "Königsbacher",
    "category": "licores-bebidas-y-aguas",
    "price": 1190,
    "price_original": null,
    "currency": "CLP",
    "size": null,
    "unit_price": null,
    "image_url": "https://jumbocl.vteximg.com.br/arquivos/ids/315119-250-250/Cerveza-Konigsbacher-Schwarz-47%C2%B0-500-cc.jpg?v=638776403898500000",
    "productUrl": "https://www.jumbo.cl/cerveza-konigsbacher-schwarz-4-7g-500-cc-1898649/p",
    "in_stock": true,
    "promo_text": null,
    "sku": "108519",
    "rating": 4.8,
    "description": null
  },
  {
    "id": "119205",
    "name": "Agua Purificada Gasificada 3 L",
    "brand": "Cuisine & Co",
    "category": "licores-bebidas-y-aguas",
    "price": 1290,
    "price_original": null,
    "currency": "CLP",
    "size": null,
    "unit_price": null,
    "image_url": "https://jumbocl.vteximg.com.br/arquivos/ids/384276-250-250/Agua-Purificada-Gasificada-3-L.jpg?v=638776839336470000",
    "productUrl": "https://www.jumbo.cl/agua-purificada-c-gas-3l-cuisine-and-co-1930468/p",
    "in_stock": true,
    "promo_text": null,
    "sku": "119205",
    "rating": null,
    "description": null
  },
  {
    "id": "126882",
    "name": "Pack 24 un. Cerveza Quilmes Lager 4.9° 300 cc",
    "brand": "Quilmes",
    "category": "licores-bebidas-y-aguas",
    "price": 13990,
    "price_original": 19990,
    "currency": "CLP",
    "size": null,
    "unit_price": null,
    "image_url": "https://jumbocl.vteximg.com.br/arquivos/ids/319270-250-250/Pack-24-un-Cerveza-Quilmes-Lager-49%C2%B0-300-cc.jpg?v=638776417146830000",
    "productUrl": "https://www.jumbo.cl/pack-24-unidades-cerveza-quilmes-lager-4-9g-300-cc-1962096-pak/p",
    "in_stock": true,
    "promo_text": null,
    "sku": "126882",
    "rating": 4.5,
    "description": null
  },
  {
    "id": "127760",
    "name": "Pack 24 un. Cerveza Budweiser 24.5° Lata 354 cc",
    "brand": "Budweiser",
    "category": "licores-bebidas-y-aguas",
    "price": 12990,
    "price_original": 16390,
    "currency": "CLP",
    "size": null,
    "unit_price": null,
    "image_url": "https://jumbocl.vteximg.com.br/arquivos/ids/458711-250-250/Pack-24-un-Cerveza-Budweiser-245%C2%B0-lata-354-cc.jpg?v=638858941754900000",
    "productUrl": "https://www.jumbo.cl/cj-cerveza-budweiser-lata-354cc-x24-5og/p",
    "in_stock": true,
    "promo_text": "Paga $11.490",
    "sku": "127760",
    "rating": null,
    "description": null
  },
  {
    "id": "43986",
    "name": "Pack 4 un. Cerveza Austral Patagona Pale Ale 5.0° 330 cc",
    "brand": "Austral",
    "category": "licores-bebidas-y-aguas",
    "price": 7190,
    "price_original": null,
    "currency": "CLP",
    "size": null,
    "unit_price": null,
    "image_url": "https://jumbocl.vteximg.com.br/arquivos/ids/307502-250-250/Pack-4-un-Cerveza-Austral-Patagona-Pale-Ale-50%C2%B0-330-cc.jpg?v=638776384900100000",
    "productUrl": "https://www.jumbo.cl/pack-4-unidades-cerveza-austral-patagona-pale-ale-5-0g-330-cc-632926-pak/p",
    "in_stock": true,
    "promo_text": null,
    "sku": "43986",
    "rating": null,
    "description": null
  },
  {
    "id": "60371",
    "name": "Vino Tarapacá León Cabernet Sauvignon 750 cc",
    "brand": "Tarapacá",
    "category": "licores-bebidas-y-aguas",
    "price": 3650,
    "price_original": null,
    "currency": "CLP",
    "size": null,
    "unit_price": null,
    "image_url": "https://jumbocl.vteximg.com.br/arquivos/ids/309424-250-250/Vino-Tarapaca-Leon-Cabernet-Sauvignon-750-cc.jpg?v=638776388968570000",
    "productUrl": "https://www.jumbo.cl/cabernet-sauvignon-tarapaca-12-leon-botella-750-cc/p",
    "in_stock": true,
    "promo_text": "Paga $2.190",
    "sku": "60371",
    "rating": 4.7,
    "description": null
  },
  {
    "id": "60373",
    "name": "Vino Tarapacá León Merlot 750 cc",
    "brand": "Tarapacá",
    "category": "licores-bebidas-y-aguas",
    "price": 3650,
    "price_original": null,
    "currency": "CLP",
    "size": null,
    "unit_price": null,
    "image_url": "https://jumbocl.vteximg.com.br/arquivos/ids/309463-250-250/Vino-Tarapaca-Leon-Merlot-750-cc.jpg?v=638776389044500000",
    "productUrl": "https://www.jumbo.cl/merlot-tarapaca-leon-merlot-botella-750-cc/p",
    "in_stock": true,
    "promo_text": "Paga $2.190",
    "sku": "60373",
    "rating": 5,
    "description": null
  },
  {
    "id": "60374",
    "name": "Vino Tarapacá León Sauvignon Blanc 750 cc",
    "brand": "Tarapacá",
    "category": "licores-bebidas-y-aguas",
    "price": 3650,
    "price_original": null,
    "currency": "CLP",
    "size": null,
    "unit_price": null,
    "image_url": "https://jumbocl.vteximg.com.br/arquivos/ids/309472-250-250/Vino-Tarapaca-Leon-Sauvignon-Blanc-750-cc.jpg?v=638776389081130000",
    "productUrl": "https://www.jumbo.cl/sauvignon-blanc-tarapaca-12-botella-750-cc/p",
    "in_stock": true,
    "promo_text": "Paga $2.190",
    "sku": "60374",
    "rating": 4.5,
    "description": null
  },
  {
    "id": "43984",
    "name": "Pack 4 un. Cerveza Kunstmann Torobayo Pale Ale 5.0° 330 cc",
    "brand": "Kunstmann",
    "category": "licores-bebidas-y-aguas",
    "price": 6490,
    "price_original": 7790,
    "currency": "CLP",
    "size": null,
    "unit_price": null,
    "image_url": "https://jumbocl.vteximg.com.br/arquivos/ids/307477-250-250/Pack-4-un-Cerveza-Kunstmann-Torobayo-Pale-Ale-50%C2%B0-330-cc.jpg?v=638776384865600000",
    "productUrl": "https://www.jumbo.cl/pack-4-unidades-cerveza-kunstmann-torobayo-pale-ale-5-0g-330-cc-263611-pak/p",
    "in_stock": true,
    "promo_text": "Paga $5.990",
    "sku": "43984",
    "rating": 5,
    "description": null
  },
  {
    "id": "148697",
    "name": "Gin Bombay Sapphire 40° 750 cc",
    "brand": "Bombay",
    "category": "licores-bebidas-y-aguas",
    "price": 13990,
    "price_original": 19990,
    "currency": "CLP",
    "size": null,
    "unit_price": null,
    "image_url": "https://jumbocl.vteximg.com.br/arquivos/ids/437930-250-250/Gin-Bombay-Sapphire-40%C2%B0-750-cc.jpg?v=638831039917330000",
    "productUrl": "https://www.jumbo.cl/gin-bomb-40-750cc-2035607/p",
    "in_stock": true,
    "promo_text": "Paga $11.994",
    "sku": "148697",
    "rating": null,
    "description": null
  },
  {
    "id": "112804",
    "name": "Cerveza Oettinger Lager Sin Alcohol 500 cc",
    "brand": "Oettinger",
    "category": "licores-bebidas-y-aguas",
    "price": 990,
    "price_original": null,
    "currency": "CLP",
    "size": null,
    "unit_price": null,
    "image_url": "https://jumbocl.vteximg.com.br/arquivos/ids/315770-250-250/Cerveza-Oettinger-Lager-Sin-Alcohol-500-cc.jpg?v=638857749759230000",
    "productUrl": "https://www.jumbo.cl/cerveza-oettinger-lager-sin-alcohol-500-cc-1904090/p",
    "in_stock": true,
    "promo_text": null,
    "sku": "112804",
    "rating": 5,
    "description": null
  },
  {
    "id": "21578",
    "name": "Whisky Johnnie Walker Black Label 12 Años 40° 750 cc",
    "brand": "Johnnie Walker",
    "category": "licores-bebidas-y-aguas",
    "price": 32990,
    "price_original": null,
    "currency": "CLP",
    "size": null,
    "unit_price": null,
    "image_url": "https://jumbocl.vteximg.com.br/arquivos/ids/304554-250-250/Whisky-Johnnie-Walker-Black-Label-12-a%C3%B1os-40%C2%B0-750-cc.jpg?v=638776380160130000",
    "productUrl": "https://www.jumbo.cl/whisky-johnnie-walker-750-ml-40-etiqueta-negra/p",
    "in_stock": true,
    "promo_text": null,
    "sku": "21578",
    "rating": 5,
    "description": null
  },
  {
    "id": "284",
    "name": "Agua Mineral Cachantun Light Gas 1.6 L",
    "brand": "Cachantun",
    "category": "licores-bebidas-y-aguas",
    "price": 1150,
    "price_original": null,
    "currency": "CLP",
    "size": null,
    "unit_price": null,
    "image_url": "https://jumbocl.vteximg.com.br/arquivos/ids/297817-250-250/Agua-Mineral-Cachantun-Light-Gas-16-L.jpg?v=638775743737870000",
    "productUrl": "https://www.jumbo.cl/agua-mineral-light-gas-cachantun-16-l-botella-desechable/p",
    "in_stock": true,
    "promo_text": "Lleva 3 por $2.090",
    "sku": "284",
    "rating": 4.6,
    "description": null
  },
  {
    "id": "876",
    "name": "Néctar Watt's Piña 0% Azúcar Añadida 1.5 L",
    "brand": "Watt's",
    "category": "licores-bebidas-y-aguas",
    "price": 1990,
    "price_original": null,
    "currency": "CLP",
    "size": null,
    "unit_price": null,
    "image_url": "https://jumbocl.vteximg.com.br/arquivos/ids/298230-250-250/Nectar-Watt-s-Pi%C3%B1a-0--Azucar-A%C3%B1adida-15-L.jpg?v=638775749836470000",
    "productUrl": "https://www.jumbo.cl/nectar-watts-15-l-light-pina/p",
    "in_stock": true,
    "promo_text": "Lleva 2 por $3.000",
    "sku": "876",
    "rating": null,
    "description": null
  },
  {
    "id": "43763",
    "name": "Pack 6 un. Bebida Coca-Cola Original 350 cc",
    "brand": "Coca-Cola",
    "category": "licores-bebidas-y-aguas",
    "price": 4190,
    "price_original": 5990,
    "currency": "CLP",
    "size": null,
    "unit_price": null,
    "image_url": "https://jumbocl.vteximg.com.br/arquivos/ids/523960-250-250/Pack-6-un-Bebida-Coca-Cola-Original-350-cc.jpg?v=638959917398530000",
    "productUrl": "https://www.jumbo.cl/pack-bebida-coca-cola-6-unid-350-cc-c-u/p",
    "in_stock": true,
    "promo_text": null,
    "sku": "43763",
    "rating": 4.7,
    "description": null
  },
  {
    "id": "98795",
    "name": "Cerveza Viiking Strong 12° 500 cc",
    "brand": "Viiking",
    "category": "licores-bebidas-y-aguas",
    "price": 1290,
    "price_original": null,
    "currency": "CLP",
    "size": null,
    "unit_price": null,
    "image_url": "https://jumbocl.vteximg.com.br/arquivos/ids/313290-250-250/Cerveza-Viiking-Strong-12%C2%B0-500-cc.jpg?v=638776399328600000",
    "productUrl": "https://www.jumbo.cl/cerveza-viiking-strong-12g-500-cc-1857527/p",
    "in_stock": true,
    "promo_text": null,
    "sku": "98795",
    "rating": 3.7,
    "description": null
  },
  {
    "id": "54094",
    "name": "Pack 6 un. Cerveza Heineken Cero Lager Sin Alcohol 330 cc",
    "brand": "Heineken",
    "category": "licores-bebidas-y-aguas",
    "price": 5383,
    "price_original": 7690,
    "currency": "CLP",
    "size": null,
    "unit_price": null,
    "image_url": "https://jumbocl.vteximg.com.br/arquivos/ids/308322-250-250/Pack-6-un-Cerveza-Heineken-Cero-Lager-Sin-alcohol-330-cc.jpg?v=638857746836300000",
    "productUrl": "https://www.jumbo.cl/pack-6-unidades-cerveza-heineken-cero-lager-sin-alcohol-330-cc-1743066-pak/p",
    "in_stock": true,
    "promo_text": "30% dcto.",
    "sku": "54094",
    "rating": 4.8,
    "description": null
  },
  {
    "id": "24861",
    "name": "Vino Santa Ema Select Terroir Reserva Carmenere 375 cc",
    "brand": "Santa Ema",
    "category": "licores-bebidas-y-aguas",
    "price": 4190,
    "price_original": null,
    "currency": "CLP",
    "size": null,
    "unit_price": null,
    "image_url": "https://jumbocl.vteximg.com.br/arquivos/ids/305624-250-250/Vino-Vi%C3%B1a-Santa-Ema-Select-Carmenere-14%C2%B0-375-cc.jpg?v=638776381704300000",
    "productUrl": "https://www.jumbo.cl/vino-vina-santa-ema-select-carmenere-14-375-cc/p",
    "in_stock": true,
    "promo_text": "3 por 2 a $8.380",
    "sku": "24861",
    "rating": null,
    "description": null
  },
  {
    "id": "598",
    "name": "Jugo Selección Watt's Naranja Valencia 1 L",
    "brand": "Watt's",
    "category": "licores-bebidas-y-aguas",
    "price": 2000,
    "price_original": 3050,
    "currency": "CLP",
    "size": null,
    "unit_price": null,
    "image_url": "https://jumbocl.vteximg.com.br/arquivos/ids/298050-250-250/Jugo-Seleccion-Watt-s-Naranja-Valencia-1-L.jpg?v=638775746964270000",
    "productUrl": "https://www.jumbo.cl/jugo-watts-1-l-seleccion-naranja-valencia/p",
    "in_stock": true,
    "promo_text": null,
    "sku": "598",
    "rating": null,
    "description": null
  },
  {
    "id": "32665",
    "name": "Agua Tónica Canada Dry Zero 1.5 L",
    "brand": "Canada Dry",
    "category": "licores-bebidas-y-aguas",
    "price": 1390,
    "price_original": 2050,
    "currency": "CLP",
    "size": null,
    "unit_price": null,
    "image_url": "https://jumbocl.vteximg.com.br/arquivos/ids/356263-250-250/Agua-tonica-zero-15-L.jpg?v=638776711552370000",
    "productUrl": "https://www.jumbo.cl/agua-tonica-canada-dry-light-1-5-l/p",
    "in_stock": true,
    "promo_text": null,
    "sku": "32665",
    "rating": 5,
    "description": null
  },
  {
    "id": "25215",
    "name": "Espumante Viñamar Brut Unique 750 cc",
    "brand": "Viñamar",
    "category": "licores-bebidas-y-aguas",
    "price": 6590,
    "price_original": 8790,
    "currency": "CLP",
    "size": null,
    "unit_price": null,
    "image_url": "https://jumbocl.vteximg.com.br/arquivos/ids/410860-250-250/Espumante-Vi%C3%B1amar-Brut-Unique-750-cc.jpg?v=638791097037400000",
    "productUrl": "https://www.jumbo.cl/espumante-unique-brut-vina-mar-750-ml/p",
    "in_stock": true,
    "promo_text": "Paga $5.274",
    "sku": "25215",
    "rating": 5,
    "description": null
  },
  {
    "id": "12040",
    "name": "Vino Tarapacá Reserva Merlot 750 cc",
    "brand": "Tarapacá",
    "category": "licores-bebidas-y-aguas",
    "price": 5990,
    "price_original": null,
    "currency": "CLP",
    "size": null,
    "unit_price": null,
    "image_url": "https://jumbocl.vteximg.com.br/arquivos/ids/303202-250-250/Vino-Tarapaca-Reserva-Merlot-750-cc.jpg?v=638776376764700000",
    "productUrl": "https://www.jumbo.cl/merlot-vina-tarapaca-750-cc-reserva/p",
    "in_stock": true,
    "promo_text": "Paga $3.594",
    "sku": "12040",
    "rating": 2,
    "description": null
  },
  {
    "id": "140917",
    "name": "Vino Santa Ema Cabernet Sauvignon Reserva 750 cc",
    "brand": "Santa Ema",
    "category": "licores-bebidas-y-aguas",
    "price": 5690,
    "price_original": null,
    "currency": "CLP",
    "size": null,
    "unit_price": null,
    "image_url": "https://jumbocl.vteximg.com.br/arquivos/ids/334294-250-250/VINO-STA-EMA-CAB-SAUV-RVA-750CC-13%C2%B0.jpg?v=638776435547830000",
    "productUrl": "https://www.jumbo.cl/vino-sta-ema-cab-sauv-rva-750cc-13-2008070/p",
    "in_stock": true,
    "promo_text": "3 por 2 a $11.381",
    "sku": "140917",
    "rating": null,
    "description": null
  },
  {
    "id": "72506",
    "name": "Pack 6 un. Bebida Canada Dry Ginger Ale Lata 350 ml",
    "brand": "Canada Dry",
    "category": "licores-bebidas-y-aguas",
    "price": 5690,
    "price_original": null,
    "currency": "CLP",
    "size": null,
    "unit_price": null,
    "image_url": "https://jumbocl.vteximg.com.br/arquivos/ids/362518-250-250/Pack-bebida-Canada-Dry-lata-6-unid-350-cc-c-u-1-39369197.jpg?v=638776743429500000",
    "productUrl": "https://www.jumbo.cl/bebida-canada-dry-zero-lata-350cc-2/p",
    "in_stock": true,
    "promo_text": "Lleva 2 por $5.990",
    "sku": "72506",
    "rating": null,
    "description": null
  },
  {
    "id": "53998",
    "name": "Pack 4 un. Cerveza Kunstmann Lager Sin Alcohol 330 cc",
    "brand": "Kunstmann",
    "category": "licores-bebidas-y-aguas",
    "price": 5593,
    "price_original": 7990,
    "currency": "CLP",
    "size": null,
    "unit_price": null,
    "image_url": "https://jumbocl.vteximg.com.br/arquivos/ids/308465-250-250/Pack-4-un-Cerveza-Kunstmann-Lager-Sin-Alcohol-330-cc.jpg?v=638857748633200000",
    "productUrl": "https://www.jumbo.cl/pack-4-unidades-cerveza-kunstmann-lager-sin-alcohol-330-cc-263612-pak/p",
    "in_stock": true,
    "promo_text": "30% dcto.",
    "sku": "53998",
    "rating": 4.3,
    "description": null
  },
  {
    "id": "17544",
    "name": "Agua Benedictino Sin Gas 3 L",
    "brand": "Benedictino",
    "category": "licores-bebidas-y-aguas",
    "price": 1450,
    "price_original": null,
    "currency": "CLP",
    "size": null,
    "unit_price": null,
    "image_url": "https://jumbocl.vteximg.com.br/arquivos/ids/352628-250-250/Agua-Mineral-Benedictino-Sin-Gas-3-L.jpg?v=638776693697800000",
    "productUrl": "https://www.jumbo.cl/agua-mineral-sin-gas-benedictino-3-l/p",
    "in_stock": true,
    "promo_text": "Lleva 2 por $2.190",
    "sku": "17544",
    "rating": 5,
    "description": null
  },
  {
    "id": "17478",
    "name": "Agua Saborizada Mas Pera Sin Gas 1.6 L",
    "brand": "Mas",
    "category": "licores-bebidas-y-aguas",
    "price": 1390,
    "price_original": null,
    "currency": "CLP",
    "size": null,
    "unit_price": null,
    "image_url": "https://jumbocl.vteximg.com.br/arquivos/ids/303861-250-250/Agua-Saborizada-Mas-Pera-Sin-Gas-16-L.jpg?v=638776378276500000",
    "productUrl": "https://www.jumbo.cl/agua-saborizada-cachant-n-m-s-1-6-l-pera/p",
    "in_stock": true,
    "promo_text": "Lleva 3 por $3.000",
    "sku": "17478",
    "rating": 5,
    "description": null
  },
  {
    "id": "17476",
    "name": "Agua Saborizada Mas Granada Sin Gas 1.6 L",
    "brand": "Mas",
    "category": "licores-bebidas-y-aguas",
    "price": 1390,
    "price_original": null,
    "currency": "CLP",
    "size": null,
    "unit_price": null,
    "image_url": "https://jumbocl.vteximg.com.br/arquivos/ids/303836-250-250/Agua-Saborizada-Mas-Granada-Sin-Gas-16-L.jpg?v=638776378220870000",
    "productUrl": "https://www.jumbo.cl/agua-saborizada-cachant-n-m-s-1-6-l-granada/p",
    "in_stock": true,
    "promo_text": "Lleva 3 por $3.000",
    "sku": "17476",
    "rating": 5,
    "description": null
  },
  {
    "id": "12068",
    "name": "Pisco Mistral Nobel Añejado en Roble 40° 750 cc",
    "brand": "Mistral",
    "category": "licores-bebidas-y-aguas",
    "price": 10913,
    "price_original": 15590,
    "currency": "CLP",
    "size": null,
    "unit_price": null,
    "image_url": "https://jumbocl.vteximg.com.br/arquivos/ids/303217-250-250/Pisco-Mistral-Nobel-A%C3%B1ejado-En-Roble-40%C2%B0-750-cc.jpg?v=638776376786430000",
    "productUrl": "https://www.jumbo.cl/pisco-mistral-750-cc-40-nobel-extra-anejado/p",
    "in_stock": true,
    "promo_text": "30% dcto.",
    "sku": "12068",
    "rating": 4.8,
    "description": null
  },
  {
    "id": "122388",
    "name": "Agua Tónica Schweppes Sin Azúcar 1.5 L",
    "brand": "Schweppes",
    "category": "licores-bebidas-y-aguas",
    "price": 1390,
    "price_original": 2190,
    "currency": "CLP",
    "size": null,
    "unit_price": null,
    "image_url": "https://jumbocl.vteximg.com.br/arquivos/ids/388032-250-250/BEB-GAS-SCHWEPPES-TONICA-S-AZUC-PET-15.jpg?v=638776854182770000",
    "productUrl": "https://www.jumbo.cl/beb-gas-schweppes-tonica-s-azuc-pet-1-5-1950832/p",
    "in_stock": true,
    "promo_text": null,
    "sku": "122388",
    "rating": 5,
    "description": null
  },
  {
    "id": "873",
    "name": "Néctar Watt's Durazno 0% Azúcar Añadida 1.5 L",
    "brand": "Watt's",
    "category": "licores-bebidas-y-aguas",
    "price": 1990,
    "price_original": null,
    "currency": "CLP",
    "size": null,
    "unit_price": null,
    "image_url": "https://jumbocl.vteximg.com.br/arquivos/ids/298228-250-250/Nectar-Watt-s-Durazno-0--Azucar-A%C3%B1adida-15-L.jpg?v=638775749807270000",
    "productUrl": "https://www.jumbo.cl/nectar-watts-15-l-light-durazno-botella-boca-ancha-desechable/p",
    "in_stock": true,
    "promo_text": "Lleva 2 por $3.000",
    "sku": "873",
    "rating": 3,
    "description": null
  },
  {
    "id": "12399",
    "name": "Gin Beefeater London Dry 40° 750 cc",
    "brand": "Beefeater",
    "category": "licores-bebidas-y-aguas",
    "price": 12243,
    "price_original": 17490,
    "currency": "CLP",
    "size": null,
    "unit_price": null,
    "image_url": "https://jumbocl.vteximg.com.br/arquivos/ids/303168-250-250/Gin-Beefeater-London-Dry-40%C2%B0-750-cc.jpg?v=638776376700770000",
    "productUrl": "https://www.jumbo.cl/gin-beefeater-47-grados-bot-750-ml/p",
    "in_stock": true,
    "promo_text": "30% dcto.",
    "sku": "12399",
    "rating": 5,
    "description": null
  },
  {
    "id": "24594",
    "name": "Vino Santa Ema Gran Reserva Cabernet Sauvignon 750 cc",
    "brand": "Santa Ema",
    "category": "licores-bebidas-y-aguas",
    "price": 8990,
    "price_original": 11290,
    "currency": "CLP",
    "size": null,
    "unit_price": null,
    "image_url": "https://jumbocl.vteximg.com.br/arquivos/ids/305053-250-250/Vino-Gran-Reserva-Cabernet-Sauvignon-750-cc.jpg?v=638776381160070000",
    "productUrl": "https://www.jumbo.cl/cabernet-sauvignon-vi-a-santa-ema-reserva-14-750-cc/p",
    "in_stock": true,
    "promo_text": null,
    "sku": "24594",
    "rating": 5,
    "description": null
  },
  {
    "id": "24683",
    "name": "Espumante Valdivieso Moscato 750 cc",
    "brand": "Valdivieso",
    "category": "licores-bebidas-y-aguas",
    "price": 4823,
    "price_original": 6890,
    "currency": "CLP",
    "size": null,
    "unit_price": null,
    "image_url": "https://jumbocl.vteximg.com.br/arquivos/ids/305448-250-250/Espumante-Moscato-12%C2%B0-750-cc.jpg?v=638776381578700000",
    "productUrl": "https://www.jumbo.cl/espumante-vina-valdivieso-moscato-750-cc/p",
    "in_stock": true,
    "promo_text": "30% dcto.",
    "sku": "24683",
    "rating": 4.9,
    "description": null
  },
  {
    "id": "95619",
    "name": "Whisky Jack Daniel's Apple 35° Botella 1 L",
    "brand": "Jack Daniel's",
    "category": "licores-bebidas-y-aguas",
    "price": 35990,
    "price_original": null,
    "currency": "CLP",
    "size": null,
    "unit_price": null,
    "image_url": "https://jumbocl.vteximg.com.br/arquivos/ids/312725-250-250/Whiskey-Apple-35%C2%B0-botella-1-L.jpg?v=638776397391230000",
    "productUrl": "https://www.jumbo.cl/whisky-j-daniel-s-apple-bot-1000cc-35/p",
    "in_stock": true,
    "promo_text": "Paga $25.193",
    "sku": "95619",
    "rating": 4.7,
    "description": null
  },
  {
    "id": "122339",
    "name": "Pack 6 un. Cerveza Heineken Cero Lager Sin Alcohol 470 cc",
    "brand": "Heineken",
    "category": "licores-bebidas-y-aguas",
    "price": 5523,
    "price_original": 7890,
    "currency": "CLP",
    "size": null,
    "unit_price": null,
    "image_url": "https://jumbocl.vteximg.com.br/arquivos/ids/317615-250-250/Pack-6-un-Cerveza-Heineken-Cero-Lager-Sin-alcohol-470-cc.jpg?v=638857749947800000",
    "productUrl": "https://www.jumbo.cl/pack-6-unidades-cerveza-heineken-cero-lager-sin-alcohol-470-cc-1954155-pak/p",
    "in_stock": true,
    "promo_text": "30% dcto.",
    "sku": "122339",
    "rating": 5,
    "description": null
  },
  {
    "id": "128694",
    "name": "Cerveza LOA Minga Loca West Coast Ipa 6.5° 470 cc",
    "brand": "LOA",
    "category": "licores-bebidas-y-aguas",
    "price": 2690,
    "price_original": null,
    "currency": "CLP",
    "size": null,
    "unit_price": null,
    "image_url": "https://jumbocl.vteximg.com.br/arquivos/ids/412562-250-250/Cerveza-Loa-Minga-Loca-West-Coast-Ipa-65%C2%B0-470-cc.jpg?v=638796367756230000",
    "productUrl": "https://www.jumbo.cl/cerveza-loa-minga-loca-west-coast-ipa-6-5g-470-cc-1972801/p",
    "in_stock": true,
    "promo_text": null,
    "sku": "128694",
    "rating": null,
    "description": null
  },
  {
    "id": "12133",
    "name": "Whisky Johnnie Walker Red Label 40° 750 cc",
    "brand": "Johnnie Walker",
    "category": "licores-bebidas-y-aguas",
    "price": 15290,
    "price_original": null,
    "currency": "CLP",
    "size": null,
    "unit_price": null,
    "image_url": "https://jumbocl.vteximg.com.br/arquivos/ids/303101-250-250/Whisky-Johnnie-Walker-Red-Label-40%C2%B0-750-cc.jpg?v=638776376624100000",
    "productUrl": "https://www.jumbo.cl/whisky-johnnie-walker-750-cc-40-etiqueta-roja-importado/p",
    "in_stock": true,
    "promo_text": null,
    "sku": "12133",
    "rating": 4.4,
    "description": null
  },
  {
    "id": "126592",
    "name": "Pack 6 un. Cerveza Budweiser Lager Sin Alcohol 330 cc",
    "brand": "Budweiser",
    "category": "licores-bebidas-y-aguas",
    "price": 4990,
    "price_original": 6990,
    "currency": "CLP",
    "size": null,
    "unit_price": null,
    "image_url": "https://jumbocl.vteximg.com.br/arquivos/ids/319080-250-250/Pack-6-un-Cerveza-Budweiser-Lager-Sin-Alcohol-330-cc.jpg?v=638857748446000000",
    "productUrl": "https://www.jumbo.cl/pack-6-unidades-cerveza-budweiser-lager-sin-alcohol-330-cc-1957197-pak/p",
    "in_stock": true,
    "promo_text": "Lleva 2 por $8.490",
    "sku": "126592",
    "rating": null,
    "description": null
  },
  {
    "id": "11326",
    "name": "Cerveza Franziskaner Premium Weissbier 5.0° 500 cc",
    "brand": "Franziskaner",
    "category": "licores-bebidas-y-aguas",
    "price": 2790,
    "price_original": null,
    "currency": "CLP",
    "size": null,
    "unit_price": null,
    "image_url": "https://jumbocl.vteximg.com.br/arquivos/ids/302414-250-250/Cerveza-Franziskaner-Premium-Weissbier-50%C2%B0-500-cc.jpg?v=638776376052430000",
    "productUrl": "https://www.jumbo.cl/cerveza-franziskaner-premium-weissbier-5-0g-500-cc-949036/p",
    "in_stock": true,
    "promo_text": null,
    "sku": "11326",
    "rating": 5,
    "description": null
  },
  {
    "id": "25004",
    "name": "Vino Tarapacá Reserva Syrah 750 cc",
    "brand": "Tarapacá",
    "category": "licores-bebidas-y-aguas",
    "price": 5990,
    "price_original": null,
    "currency": "CLP",
    "size": null,
    "unit_price": null,
    "image_url": "https://jumbocl.vteximg.com.br/arquivos/ids/306124-250-250/Vino-Tarapaca-Reserva-Syrah-750-cc.jpg?v=638776382055800000",
    "productUrl": "https://www.jumbo.cl/syrah-vina-tarapaca-750-ml/p",
    "in_stock": true,
    "promo_text": "Paga $3.594",
    "sku": "25004",
    "rating": null,
    "description": null
  },
  {
    "id": "53996",
    "name": "Pack 6 un. Bebida Kem Piña Lata 350 cc",
    "brand": "Kem",
    "category": "licores-bebidas-y-aguas",
    "price": 5690,
    "price_original": null,
    "currency": "CLP",
    "size": null,
    "unit_price": null,
    "image_url": "https://jumbocl.vteximg.com.br/arquivos/ids/308428-250-250/Pack-6-un-Bebida-Kem-Pi%C3%B1a-Lata-350-cc.jpg?v=638776386929070000",
    "productUrl": "https://www.jumbo.cl/pack-6-unid-bebida-gaseosa-kem-lata-350-cc-c-u/p",
    "in_stock": true,
    "promo_text": "Lleva 2 por $5.990",
    "sku": "53996",
    "rating": null,
    "description": null
  },
  {
    "id": "89992",
    "name": "Whisky Jack Daniel's Honey 35° 1 L",
    "brand": "Jack Daniel's",
    "category": "licores-bebidas-y-aguas",
    "price": 35990,
    "price_original": null,
    "currency": "CLP",
    "size": null,
    "unit_price": null,
    "image_url": "https://jumbocl.vteximg.com.br/arquivos/ids/459826-250-250/Whisky-Jack-Daniel-s-Honey-35%C2%B0-1-L.jpg?v=638864714008000000",
    "productUrl": "https://www.jumbo.cl/whisky-honey-35-1000-cc/p",
    "in_stock": true,
    "promo_text": "Paga $25.193",
    "sku": "89992",
    "rating": 5,
    "description": null
  },
  {
    "id": "115558",
    "name": "Pack 6 un. Cerveza Royal Guard Premium Lager Sin Alcohol 355 cc",
    "brand": "Royal Guard",
    "category": "licores-bebidas-y-aguas",
    "price": 4893,
    "price_original": 6990,
    "currency": "CLP",
    "size": null,
    "unit_price": null,
    "image_url": "https://jumbocl.vteximg.com.br/arquivos/ids/316338-250-250/Pack-6-un-Cerveza-Royal-Guard-Premium-Lager-Sin-Alcohol-355-cc.jpg?v=638857749377130000",
    "productUrl": "https://www.jumbo.cl/pack-6-unidades-cerveza-royal-guard-premium-lager-sin-alcohol-355-cc-1932579-pak/p",
    "in_stock": true,
    "promo_text": "30% dcto.",
    "sku": "115558",
    "rating": 4.4,
    "description": null
  },
  {
    "id": "81545",
    "name": "Pisco Sour Natural La Pizka Limón Sutil 24° 1 L",
    "brand": "La Pizka",
    "category": "licores-bebidas-y-aguas",
    "price": 14990,
    "price_original": null,
    "currency": "CLP",
    "size": null,
    "unit_price": null,
    "image_url": "https://jumbocl.vteximg.com.br/arquivos/ids/311203-250-250/Pisco-Sour-Natural-Limon-Sutil-24%C2%B0-1-L.jpg?v=638776393140170000",
    "productUrl": "https://www.jumbo.cl/sour-la-pizca-limon-sutil-1-l/p",
    "in_stock": true,
    "promo_text": "4 por 3 a $44.970",
    "sku": "81545",
    "rating": 4.8,
    "description": null
  },
  {
    "id": "29116",
    "name": "Whisky Buchanull's Deluxe 12 Años 750 cc",
    "brand": "Buchanull's",
    "category": "licores-bebidas-y-aguas",
    "price": 20993,
    "price_original": 29990,
    "currency": "CLP",
    "size": null,
    "unit_price": null,
    "image_url": "https://jumbocl.vteximg.com.br/arquivos/ids/306721-250-250/Whisky-Buchanull-s-Deluxe-12-a%C3%B1os-750-ml.jpg?v=638776382995930000",
    "productUrl": "https://www.jumbo.cl/whisky-buchanulls-deluxe-750-cc/p",
    "in_stock": true,
    "promo_text": "30% dcto.",
    "sku": "29116",
    "rating": 4.9,
    "description": null
  },
  {
    "id": "25006",
    "name": "Vino Tarapacá Gran Reserva Sauvignon Blanc 750 cc",
    "brand": "Tarapacá",
    "category": "licores-bebidas-y-aguas",
    "price": 12150,
    "price_original": null,
    "currency": "CLP",
    "size": null,
    "unit_price": null,
    "image_url": "https://jumbocl.vteximg.com.br/arquivos/ids/305275-250-250/Vino-Tarapaca-Gran-Reserva-Sauvignon-Blanc-750-cc.jpg?v=638776381435930000",
    "productUrl": "https://www.jumbo.cl/sauvignon-blanc-vina-tarapaca-750-ml-gran-reserva/p",
    "in_stock": true,
    "promo_text": "Paga $7.290",
    "sku": "25006",
    "rating": 4,
    "description": null
  },
  {
    "id": "127679",
    "name": "Pack 12 un. Cerveza Royal Guard Premium Lager 5.0° 350 cc",
    "brand": "Royal Guard",
    "category": "licores-bebidas-y-aguas",
    "price": 7990,
    "price_original": 11590,
    "currency": "CLP",
    "size": null,
    "unit_price": null,
    "image_url": "https://jumbocl.vteximg.com.br/arquivos/ids/319409-250-250/Pack-12-un-Cerveza-Royal-Guard-Premium-Lager-50%C2%B0-350-cc.jpg?v=638776417466070000",
    "productUrl": "https://www.jumbo.cl/pack-12-unidades-cerveza-royal-guard-premium-lager-5-0g-350-cc-1964129-pak/p",
    "in_stock": true,
    "promo_text": null,
    "sku": "127679",
    "rating": 5,
    "description": null
  },
  {
    "id": "12078",
    "name": "Pisco Mistral Añejado en Roble 35° Botella 750 cc",
    "brand": "Mistral",
    "category": "licores-bebidas-y-aguas",
    "price": 6293,
    "price_original": 8990,
    "currency": "CLP",
    "size": null,
    "unit_price": null,
    "image_url": "https://jumbocl.vteximg.com.br/arquivos/ids/302953-250-250/Pisco-Mistral-A%C3%B1ejado-En-Roble-35%C2%B0-Botella-750-cc.jpg?v=638776376475830000",
    "productUrl": "https://www.jumbo.cl/pisco-mistral-750-cc-35/p",
    "in_stock": true,
    "promo_text": "30% dcto.",
    "sku": "12078",
    "rating": 4.7,
    "description": null
  },
  {
    "id": "120682",
    "name": "Espumante Valdivieso Rosé Lata 310 cc",
    "brand": "Valdivieso",
    "category": "licores-bebidas-y-aguas",
    "price": 2065,
    "price_original": 2950,
    "currency": "CLP",
    "size": null,
    "unit_price": null,
    "image_url": "https://jumbocl.vteximg.com.br/arquivos/ids/317329-250-250/Espumante-Valdivieso-Rose-lata-12%C2%B0-310-cc.jpg?v=638776411523500000",
    "productUrl": "https://www.jumbo.cl/espumante-valdivieso-rose-lata-310cc-12-1948039/p",
    "in_stock": true,
    "promo_text": "30% dcto.",
    "sku": "120682",
    "rating": 5,
    "description": null
  },
  {
    "id": "31947",
    "name": "Vino Tarapacá Etiqueta Azul Gran Reserva Ensamblaje 750 cc",
    "brand": "Tarapacá",
    "category": "licores-bebidas-y-aguas",
    "price": 31990,
    "price_original": null,
    "currency": "CLP",
    "size": null,
    "unit_price": null,
    "image_url": "https://jumbocl.vteximg.com.br/arquivos/ids/306944-250-250/Vino-Tarapaca-Etiqueta-Azul-Gran-Reserva-Ensamblaje-750-cc.jpg?v=638776383487230000",
    "productUrl": "https://www.jumbo.cl/vino-tarapaca-gran-reserva-etiqueta-azul-750-cc/p",
    "in_stock": true,
    "promo_text": "Paga $19.194",
    "sku": "31947",
    "rating": 5,
    "description": null
  },
  {
    "id": "641",
    "name": "Jugo en Polvo Livean Piña 7 g",
    "brand": "Livean",
    "category": "licores-bebidas-y-aguas",
    "price": 290,
    "price_original": null,
    "currency": "CLP",
    "size": null,
    "unit_price": null,
    "image_url": "https://jumbocl.vteximg.com.br/arquivos/ids/298116-250-250/Jugo-En-Polvo-Livean-Pi%C3%B1a-7-g.jpg?v=638775748356970000",
    "productUrl": "https://www.jumbo.cl/jugo-de-pina-livean-sobre-7-g-2/p",
    "in_stock": true,
    "promo_text": "Lleva 10 por $1.990",
    "sku": "641",
    "rating": null,
    "description": null
  },
  {
    "id": "113882",
    "name": "Pack 4 un. Cerveza Dolbek Maqui Pale Ale 4.8° 330 cc",
    "brand": "D'olbek",
    "category": "licores-bebidas-y-aguas",
    "price": 6490,
    "price_original": 7890,
    "currency": "CLP",
    "size": null,
    "unit_price": null,
    "image_url": "https://jumbocl.vteximg.com.br/arquivos/ids/316046-250-250/Pack-4-un-Cerveza-Dolbek-Maqui-Pale-Ale-48%C2%B0-330-cc.jpg?v=638776407266030000",
    "productUrl": "https://www.jumbo.cl/pack-4-unidades-cerveza-dolbek-maqui-pale-ale-4-8g-330-cc-1662775-pak/p",
    "in_stock": true,
    "promo_text": "Paga $5.990",
    "sku": "113882",
    "rating": 5,
    "description": null
  },
  {
    "id": "24677",
    "name": "Espumante Valdivieso Limited Brut 750 cc",
    "brand": "Valdivieso",
    "category": "licores-bebidas-y-aguas",
    "price": 5915,
    "price_original": 8450,
    "currency": "CLP",
    "size": null,
    "unit_price": null,
    "image_url": "https://jumbocl.vteximg.com.br/arquivos/ids/305235-250-250/Espumante-Limited-Brut-12%C2%B0-750-cc.jpg?v=638776381402730000",
    "productUrl": "https://www.jumbo.cl/espumante-brut-limited-vina-valdivieso-750-cc/p",
    "in_stock": true,
    "promo_text": "30% dcto.",
    "sku": "24677",
    "rating": 4.3,
    "description": null
  },
  {
    "id": "597",
    "name": "Jugo Selección Watt's Mango Maracuyá 1 L",
    "brand": "Watt's",
    "category": "licores-bebidas-y-aguas",
    "price": 2000,
    "price_original": 3050,
    "currency": "CLP",
    "size": null,
    "unit_price": null,
    "image_url": "https://jumbocl.vteximg.com.br/arquivos/ids/298049-250-250/Jugo-Seleccion-Watt-s-Mango-Maracuya-1-L.jpg?v=638775746949800000",
    "productUrl": "https://www.jumbo.cl/jugo-watts-1-l-seleccion-mango-maracuya/p",
    "in_stock": true,
    "promo_text": null,
    "sku": "597",
    "rating": 3,
    "description": null
  },
  {
    "id": "11970",
    "name": "Vino Castillo de Molina Gran Reserva Carmenere 750 cc",
    "brand": "Castillo de Molina",
    "category": "licores-bebidas-y-aguas",
    "price": 5574,
    "price_original": 9290,
    "currency": "CLP",
    "size": null,
    "unit_price": null,
    "image_url": "https://jumbocl.vteximg.com.br/arquivos/ids/495238-250-250/Vino-Castillo-de-Molina-Gran-Reserva-Carmenere-750-cc.jpg?v=638911559301900000",
    "productUrl": "https://www.jumbo.cl/carmenere-vina-san-pedro-castillo-de-molina-reserva-750-cc/p",
    "in_stock": true,
    "promo_text": "40% dcto.",
    "sku": "11970",
    "rating": 4.9,
    "description": null
  },
  {
    "id": "513",
    "name": "Bebida Kem Zero 3 L",
    "brand": "Kem Zero",
    "category": "licores-bebidas-y-aguas",
    "price": 2390,
    "price_original": 3190,
    "currency": "CLP",
    "size": null,
    "unit_price": null,
    "image_url": "https://jumbocl.vteximg.com.br/arquivos/ids/297994-250-250/Bebida-Kem-Zero-3-L.jpg?v=638775746127500000",
    "productUrl": "https://www.jumbo.cl/bebida-kem-zero-3-l-botella-desechable/p",
    "in_stock": true,
    "promo_text": null,
    "sku": "513",
    "rating": null,
    "description": null
  },
  {
    "id": "24863",
    "name": "Vino Santa Ema Select Terroir Reserva Sauvignon Blanc 375 cc",
    "brand": "Santa Ema",
    "category": "licores-bebidas-y-aguas",
    "price": 4190,
    "price_original": null,
    "currency": "CLP",
    "size": null,
    "unit_price": null,
    "image_url": "https://jumbocl.vteximg.com.br/arquivos/ids/305743-250-250/Vino-Cabernet-Sauvignon-Vi%C3%B1a-Santa-Ema-13%C2%B0-375-cc.jpg?v=638776381783730000",
    "productUrl": "https://www.jumbo.cl/cabernet-sauvignon-vi-a-santa-ema-13-375-cc/p",
    "in_stock": true,
    "promo_text": "3 por 2 a $8.380",
    "sku": "24863",
    "rating": null,
    "description": null
  },
  {
    "id": "43738",
    "name": "Pack 6 un. Cerveza Stones Limon Fruit Beer 2.5° 350 cc",
    "brand": "Stones",
    "category": "licores-bebidas-y-aguas",
    "price": 6590,
    "price_original": null,
    "currency": "CLP",
    "size": null,
    "unit_price": null,
    "image_url": "https://jumbocl.vteximg.com.br/arquivos/ids/533902-250-250/Pack-6-un-Cerveza-Stones-Limon-Fruit-Beer-25%C2%B0-350-cc.jpg?v=638979416126700000",
    "productUrl": "https://www.jumbo.cl/pack-6-unidades-cerveza-stones-limon-fruit-beer-2-5g-350-cc-263481-pak/p",
    "in_stock": true,
    "promo_text": "Lleva 2 por $8.990",
    "sku": "43738",
    "rating": 5,
    "description": null
  },
  {
    "id": "21579",
    "name": "Whisky Johnnie Walker Double Black 750 cc",
    "brand": "Johnnie Walker",
    "category": "licores-bebidas-y-aguas",
    "price": 41990,
    "price_original": null,
    "currency": "CLP",
    "size": null,
    "unit_price": null,
    "image_url": "https://jumbocl.vteximg.com.br/arquivos/ids/304576-250-250/Whisky-Johnnie-Walker-Double-Black-750-cc.jpg?v=638776380194970000",
    "productUrl": "https://www.jumbo.cl/whisky-johnnie-walker-double-black-botella-750cc/p",
    "in_stock": true,
    "promo_text": null,
    "sku": "21579",
    "rating": 5,
    "description": null
  },
  {
    "id": "313",
    "name": "Agua Mineral Cachantun Sin Gas 1.6 L",
    "brand": "Cachantun",
    "category": "licores-bebidas-y-aguas",
    "price": 1150,
    "price_original": null,
    "currency": "CLP",
    "size": null,
    "unit_price": null,
    "image_url": "https://jumbocl.vteximg.com.br/arquivos/ids/297844-250-250/Agua-Mineral-Cachantun-Sin-Gas-16-L.jpg?v=638775744104500000",
    "productUrl": "https://www.jumbo.cl/agua-mineral-sin-gas-cachantun-16-l-botella-desechable/p",
    "in_stock": true,
    "promo_text": "Lleva 3 por $2.090",
    "sku": "313",
    "rating": 5,
    "description": null
  },
  {
    "id": "12039",
    "name": "Vino Tarapacá Gran Reserva Merlot 750 cc",
    "brand": "Tarapacá",
    "category": "licores-bebidas-y-aguas",
    "price": 12150,
    "price_original": null,
    "currency": "CLP",
    "size": null,
    "unit_price": null,
    "image_url": "https://jumbocl.vteximg.com.br/arquivos/ids/303187-250-250/Vino-Tarapaca-Gran-Reserva-Merlot-750-cc.jpg?v=638776376726600000",
    "productUrl": "https://www.jumbo.cl/merlot-vina-tarapaca-750-cc-gran-reserva/p",
    "in_stock": true,
    "promo_text": "Paga $7.290",
    "sku": "12039",
    "rating": 4,
    "description": null
  },
  {
    "id": "12018",
    "name": "Vino Tarapacá Late Harvest 500 cc",
    "brand": "Tarapacá",
    "category": "licores-bebidas-y-aguas",
    "price": 5490,
    "price_original": null,
    "currency": "CLP",
    "size": null,
    "unit_price": null,
    "image_url": "https://jumbocl.vteximg.com.br/arquivos/ids/303092-250-250/Vino-Tarapaca-Late-Harvest-500-cc.jpg?v=638776376608800000",
    "productUrl": "https://www.jumbo.cl/late-harvest-vina-tarapaca-500-cc/p",
    "in_stock": true,
    "promo_text": "Paga $3.294",
    "sku": "12018",
    "rating": 4,
    "description": null
  },
  {
    "id": "24860",
    "name": "Vino Santa Ema Select Terroir Reserva Carmenere 750 cc",
    "brand": "Santa Ema",
    "category": "licores-bebidas-y-aguas",
    "price": 8690,
    "price_original": null,
    "currency": "CLP",
    "size": null,
    "unit_price": null,
    "image_url": "https://jumbocl.vteximg.com.br/arquivos/ids/305573-250-250/Vino-Select-Terroir-Carmenere-750-cc.jpg?v=638776381667430000",
    "productUrl": "https://www.jumbo.cl/carmenere-vi-a-santa-ema-13-5-750-cc/p",
    "in_stock": true,
    "promo_text": "3 por 2 a $17.381",
    "sku": "24860",
    "rating": 5,
    "description": null
  },
  {
    "id": "54165",
    "name": "Pack 4 un. Cerveza Kunstmann Ipa 5.0° 330 cc",
    "brand": "Kunstmann",
    "category": "licores-bebidas-y-aguas",
    "price": 6490,
    "price_original": 8490,
    "currency": "CLP",
    "size": null,
    "unit_price": null,
    "image_url": "https://jumbocl.vteximg.com.br/arquivos/ids/308380-250-250/Pack-4-un-Cerveza-Kunstmann-Ipa-50%C2%B0-330-cc.jpg?v=638776386856070000",
    "productUrl": "https://www.jumbo.cl/pack-4-unidades-cerveza-kunstmann-ipa-5-0g-330-cc-1690147-pak/p",
    "in_stock": true,
    "promo_text": "Paga $5.990",
    "sku": "54165",
    "rating": 5,
    "description": null
  },
  {
    "id": "140920",
    "name": "Vino Santa Ema Sauvignon Blanc Reserva 750 cc",
    "brand": "Santa Ema",
    "category": "licores-bebidas-y-aguas",
    "price": 5690,
    "price_original": null,
    "currency": "CLP",
    "size": null,
    "unit_price": null,
    "image_url": "https://jumbocl.vteximg.com.br/arquivos/ids/334429-250-250/VINO-STA-EMA-SAUV-BLANC-RVA-750CC-13%C2%B0.jpg?v=638776435644370000",
    "productUrl": "https://www.jumbo.cl/vino-sta-ema-sauv-blanc-rva-750cc-13-2008073/p",
    "in_stock": true,
    "promo_text": "3 por 2 a $11.381",
    "sku": "140920",
    "rating": null,
    "description": null
  },
  {
    "id": "60386",
    "name": "Vino Tarapacá León Ensamblaje Cabernet Sauvignon Syrah 750 cc",
    "brand": "Tarapacá",
    "category": "licores-bebidas-y-aguas",
    "price": 3650,
    "price_original": null,
    "currency": "CLP",
    "size": null,
    "unit_price": null,
    "image_url": "https://jumbocl.vteximg.com.br/arquivos/ids/309261-250-250/Vino-Tarapaca-Leon-Ensamblaje-Cabernet-Sauvignon-Syrah-750-cc.jpg?v=638776388668900000",
    "productUrl": "https://www.jumbo.cl/vino-leon-tarap12-cab-syrah-bot750c-2/p",
    "in_stock": true,
    "promo_text": "Paga $2.190",
    "sku": "60386",
    "rating": null,
    "description": null
  },
  {
    "id": "119247",
    "name": "Espumante Viñamar Moscato 750 cc",
    "brand": "Viñamar",
    "category": "licores-bebidas-y-aguas",
    "price": 5990,
    "price_original": 7390,
    "currency": "CLP",
    "size": null,
    "unit_price": null,
    "image_url": "https://jumbocl.vteximg.com.br/arquivos/ids/316903-250-250/Espumante-Vinamar-Moscato-750-cc.jpg?v=638776410351930000",
    "productUrl": "https://www.jumbo.cl/espum-vinamar-moscato-bot-750cc-12-g-1937591/p",
    "in_stock": true,
    "promo_text": "Paga $4.434",
    "sku": "119247",
    "rating": 5,
    "description": null
  },
  {
    "id": "11405",
    "name": "Espumante Martini Asti 750 cc",
    "brand": "Martini",
    "category": "licores-bebidas-y-aguas",
    "price": 11683,
    "price_original": 16690,
    "currency": "CLP",
    "size": null,
    "unit_price": null,
    "image_url": "https://jumbocl.vteximg.com.br/arquivos/ids/302102-250-250/Espumante-Asti-7%C2%B0-750-cc.jpg?v=638776375803600000",
    "productUrl": "https://www.jumbo.cl/espumante-martini-asti-7-750-cc/p",
    "in_stock": true,
    "promo_text": "30% dcto.",
    "sku": "11405",
    "rating": 5,
    "description": null
  },
  {
    "id": "44164",
    "name": "Pack 6 un. Cerveza Cristal Lager Sin Alcohol 350 cc",
    "brand": "Cristal",
    "category": "licores-bebidas-y-aguas",
    "price": 3983,
    "price_original": 5690,
    "currency": "CLP",
    "size": null,
    "unit_price": null,
    "image_url": "https://jumbocl.vteximg.com.br/arquivos/ids/523971-250-250/Pack-6-un-Cerveza-Cristal-Lager-Sin-Alcohol-350-cc.jpg?v=638959917497970000",
    "productUrl": "https://www.jumbo.cl/pack-6-unidades-cerveza-cristal-lager-sin-alcohol-350-cc-976353-pak/p",
    "in_stock": true,
    "promo_text": "30% dcto.",
    "sku": "44164",
    "rating": 4.5,
    "description": null
  },
  {
    "id": "35140",
    "name": "Whisky Johnnie Walker Gold Reserve 750 cc",
    "brand": "Johnnie Walker",
    "category": "licores-bebidas-y-aguas",
    "price": 62990,
    "price_original": null,
    "currency": "CLP",
    "size": null,
    "unit_price": null,
    "image_url": "https://jumbocl.vteximg.com.br/arquivos/ids/356524-250-250/Whisky-gold-reserva-botella750-cc.jpg?v=638776712959530000",
    "productUrl": "https://www.jumbo.cl/whisky-johnny-walker-gold-reser-750-cc/p",
    "in_stock": true,
    "promo_text": null,
    "sku": "35140",
    "rating": 5,
    "description": null
  },
  {
    "id": "141048",
    "name": "Gin Tanqueray Bossa Nova 30° 700 cc",
    "brand": "Tanqueray",
    "category": "licores-bebidas-y-aguas",
    "price": 13993,
    "price_original": 19990,
    "currency": "CLP",
    "size": null,
    "unit_price": null,
    "image_url": "https://jumbocl.vteximg.com.br/arquivos/ids/335027-250-250/GIN-TANQUERAY-BOSSA-NOVA-700CC-30%C2%B0.jpg?v=638776436084870000",
    "productUrl": "https://www.jumbo.cl/gin-tanqueray-bossa-nova-700cc-30-2008077/p",
    "in_stock": true,
    "promo_text": "30% dcto.",
    "sku": "141048",
    "rating": 5,
    "description": null
  },
  {
    "id": "98794",
    "name": "Cerveza Viiking Strong Lager 8.5° 500 cc",
    "brand": "Viiking",
    "category": "licores-bebidas-y-aguas",
    "price": 1290,
    "price_original": null,
    "currency": "CLP",
    "size": null,
    "unit_price": null,
    "image_url": "https://jumbocl.vteximg.com.br/arquivos/ids/313271-250-250/Cerveza-Viiking-Strong-Lager-85%C2%B0-500-cc.jpg?v=638776399292070000",
    "productUrl": "https://www.jumbo.cl/cerveza-viiking-strong-lager-8-5g-500-cc-1857525/p",
    "in_stock": true,
    "promo_text": null,
    "sku": "98794",
    "rating": 4.3,
    "description": null
  },
  {
    "id": "60383",
    "name": "Vino Tarapacá León Syrah 750 cc",
    "brand": "Tarapacá",
    "category": "licores-bebidas-y-aguas",
    "price": 3190,
    "price_original": null,
    "currency": "CLP",
    "size": null,
    "unit_price": null,
    "image_url": "https://jumbocl.vteximg.com.br/arquivos/ids/309225-250-250/Vino-Tarapaca-Leon-Syrah-750-cc.jpg?v=638776388573430000",
    "productUrl": "https://www.jumbo.cl/vino-tarapaca-leon-gold-sirah-bot750/p",
    "in_stock": true,
    "promo_text": "Paga $1.914",
    "sku": "60383",
    "rating": null,
    "description": null
  },
  {
    "id": "25209",
    "name": "Espumante Viñamar Brut 375 cc",
    "brand": "Viñamar",
    "category": "licores-bebidas-y-aguas",
    "price": 4990,
    "price_original": null,
    "currency": "CLP",
    "size": null,
    "unit_price": null,
    "image_url": "https://jumbocl.vteximg.com.br/arquivos/ids/306003-250-250/Espumante-Vinamar-Brut-375-cc.jpg?v=638776381961070000",
    "productUrl": "https://www.jumbo.cl/vino-espumoso-vina-mar-375-ml/p",
    "in_stock": true,
    "promo_text": "Paga $2.994",
    "sku": "25209",
    "rating": 5,
    "description": null
  },
  {
    "id": "134853",
    "name": "Cerveza Royal Dutch Lager 5.0° 500 cc",
    "brand": "Royal Dutch",
    "category": "licores-bebidas-y-aguas",
    "price": 1290,
    "price_original": null,
    "currency": "CLP",
    "size": null,
    "unit_price": null,
    "image_url": "https://jumbocl.vteximg.com.br/arquivos/ids/323093-250-250/Cerveza-Royal-Dutch-Lager-50%C2%B0-500-cc.jpg?v=638776426651100000",
    "productUrl": "https://www.jumbo.cl/cerveza-royal-dutch-lager-5-0g-500-cc-1979084/p",
    "in_stock": true,
    "promo_text": null,
    "sku": "134853",
    "rating": null,
    "description": null
  },
  {
    "id": "118006",
    "name": "Whisky Johnnie Walker Blonde 40° 750 cc",
    "brand": "Johnnie Walker",
    "category": "licores-bebidas-y-aguas",
    "price": 18490,
    "price_original": null,
    "currency": "CLP",
    "size": null,
    "unit_price": null,
    "image_url": "https://jumbocl.vteximg.com.br/arquivos/ids/316599-250-250/Whisky-Johnnie-Walker-Blonde-40%C2%B0-750-cc.jpg?v=638776409520770000",
    "productUrl": "https://www.jumbo.cl/whisky-jw-blonde-40-bot-750cc-1932492/p",
    "in_stock": true,
    "promo_text": null,
    "sku": "118006",
    "rating": 4.1,
    "description": null
  },
  {
    "id": "43753",
    "name": "Pack 6 un. Cerveza Miller Lager 4.7° 355 cc",
    "brand": "Miller",
    "category": "licores-bebidas-y-aguas",
    "price": 6690,
    "price_original": 8990,
    "currency": "CLP",
    "size": null,
    "unit_price": null,
    "image_url": "https://jumbocl.vteximg.com.br/arquivos/ids/307622-250-250/Pack-6-un-Cerveza-Miller-Lager-47%C2%B0-355-cc.jpg?v=638776385089100000",
    "productUrl": "https://www.jumbo.cl/pack-6-unidades-cerveza-miller-lager-4-7g-355-cc-934161-pak/p",
    "in_stock": true,
    "promo_text": null,
    "sku": "43753",
    "rating": null,
    "description": null
  },
  {
    "id": "143975",
    "name": "Pack 6 un. Cerveza Stones Berries 2.5° 350 cc",
    "brand": "Stones",
    "category": "licores-bebidas-y-aguas",
    "price": 6590,
    "price_original": null,
    "currency": "CLP",
    "size": null,
    "unit_price": null,
    "image_url": "https://jumbocl.vteximg.com.br/arquivos/ids/543026-250-250/Pack-6-un-Cerveza-Stones-Berries-25%C2%B0-350-cc.jpg?v=638991551089770000",
    "productUrl": "https://www.jumbo.cl/pack-6-un-cerveza-stones-berries-2-5-350-cc-2020036-pak/p",
    "in_stock": true,
    "promo_text": "Lleva 2 por $8.990",
    "sku": "143975",
    "rating": 5,
    "description": null
  },
  {
    "id": "115620",
    "name": "Cerveza Guayacán Hazy Lager 4.9° 470 cc",
    "brand": "Guayacán",
    "category": "licores-bebidas-y-aguas",
    "price": 2390,
    "price_original": null,
    "currency": "CLP",
    "size": null,
    "unit_price": null,
    "image_url": "https://jumbocl.vteximg.com.br/arquivos/ids/316339-250-250/Cerveza-Guayacan-Hazy-Lager-49%C2%B0-470-cc.jpg?v=638776407941470000",
    "productUrl": "https://www.jumbo.cl/cerveza-guayacan-hazy-lager-4-9g-470-cc-1933418/p",
    "in_stock": true,
    "promo_text": "Lleva 2 por $2.990",
    "sku": "115620",
    "rating": 5,
    "description": null
  },
  {
    "id": "140916",
    "name": "Vino Santa Ema Blend Reserva 750 cc",
    "brand": "Santa Ema",
    "category": "licores-bebidas-y-aguas",
    "price": 5690,
    "price_original": null,
    "currency": "CLP",
    "size": null,
    "unit_price": null,
    "image_url": "https://jumbocl.vteximg.com.br/arquivos/ids/334252-250-250/VINO-STA-EMA-BLEND-RVA-750CC-13%C2%B0.jpg?v=638776435518500000",
    "productUrl": "https://www.jumbo.cl/vino-sta-ema-blend-rva-750cc-13-2008071/p",
    "in_stock": true,
    "promo_text": "3 por 2 a $11.381",
    "sku": "140916",
    "rating": null,
    "description": null
  },
  {
    "id": "46448",
    "name": "Bebida Kem Zero 1.75 L",
    "brand": "Kem Zero",
    "category": "licores-bebidas-y-aguas",
    "price": 1550,
    "price_original": 2290,
    "currency": "CLP",
    "size": null,
    "unit_price": null,
    "image_url": "https://jumbocl.vteximg.com.br/arquivos/ids/358001-250-250/Kem-Zero-175-L.jpg?v=638776721614530000",
    "productUrl": "https://www.jumbo.cl/bebida-kem-zero-1-750-cc/p",
    "in_stock": true,
    "promo_text": "Paga $1.390",
    "sku": "46448",
    "rating": null,
    "description": null
  },
  {
    "id": "113508",
    "name": "Pack 12 un. Cerveza Kross Variedades 5.3° 330 cc",
    "brand": "Kross",
    "category": "licores-bebidas-y-aguas",
    "price": 14990,
    "price_original": 18990,
    "currency": "CLP",
    "size": null,
    "unit_price": null,
    "image_url": "https://jumbocl.vteximg.com.br/arquivos/ids/544434-250-250/Pack-12-un-Cerveza-Kross-Variedades-53%C2%B0-330-cc.jpg?v=638993684579630000",
    "productUrl": "https://www.jumbo.cl/pack-12-kross-variedades-botella-330-cc-1928562/p",
    "in_stock": true,
    "promo_text": null,
    "sku": "113508",
    "rating": 5,
    "description": null
  },
  {
    "id": "45700",
    "name": "Whisky Johnnie Walker 18 Años 750 cc",
    "brand": "Johnnie Walker",
    "category": "licores-bebidas-y-aguas",
    "price": 101390,
    "price_original": null,
    "currency": "CLP",
    "size": null,
    "unit_price": null,
    "image_url": "https://jumbocl.vteximg.com.br/arquivos/ids/509660-250-250/Whisky-Johnnie-Walker-18-A%C3%B1os-750-cc.jpg?v=638936261986370000",
    "productUrl": "https://www.jumbo.cl/whisky-johnnie-walker-40-botella-750-cc/p",
    "in_stock": true,
    "promo_text": null,
    "sku": "45700",
    "rating": 4,
    "description": null
  },
  {
    "id": "80315",
    "name": "Jugo Prensado Bless 45 Pepino, Espirulina, Manzana, Piña, Jengibre y Limón 1 L",
    "brand": "Bless",
    "category": "licores-bebidas-y-aguas",
    "price": 5590,
    "price_original": null,
    "currency": "CLP",
    "size": null,
    "unit_price": null,
    "image_url": "https://jumbocl.vteximg.com.br/arquivos/ids/311000-250-250/Jugo-Prensado-Bless-45-Pepino-Espirulina-Manzana-Pina-Jengibre-y-Limon-1-L.jpg?v=638776392729570000",
    "productUrl": "https://www.jumbo.cl/jugo-prensado-bless-45-pep-esp-man-pi-1l/p",
    "in_stock": true,
    "promo_text": null,
    "sku": "80315",
    "rating": 5,
    "description": null
  },
  {
    "id": "43791",
    "name": "Pack 6 un. Cerveza Stella Artois Lager 4.8° 330 cc",
    "brand": "Stella Artois",
    "category": "licores-bebidas-y-aguas",
    "price": 5290,
    "price_original": 6090,
    "currency": "CLP",
    "size": null,
    "unit_price": null,
    "image_url": "https://jumbocl.vteximg.com.br/arquivos/ids/307480-250-250/Pack-6-un-Cerveza-Stella-Artois-Lager-48%C2%B0-330-cc.jpg?v=638776384869600000",
    "productUrl": "https://www.jumbo.cl/pack-6-unidades-cerveza-stella-artois-lager-4-8g-330-cc-1123745-pak/p",
    "in_stock": true,
    "promo_text": "Lleva 2 por $9.990",
    "sku": "43791",
    "rating": 3.6,
    "description": null
  },
  {
    "id": "134821",
    "name": "Agua Saborizada Benedictino Pera 2 L",
    "brand": "Benedictino",
    "category": "licores-bebidas-y-aguas",
    "price": 1190,
    "price_original": null,
    "currency": "CLP",
    "size": null,
    "unit_price": null,
    "image_url": "https://jumbocl.vteximg.com.br/arquivos/ids/496337-250-250/Agua-Saborizada-Benedictino-Pera-2-L.jpg?v=638911647440700000",
    "productUrl": "https://www.jumbo.cl/agua-benedictino-pera-2l-1991088/p",
    "in_stock": true,
    "promo_text": "Lleva 2 por $2.000",
    "sku": "134821",
    "rating": null,
    "description": null
  },
  {
    "id": "11959",
    "name": "Vino Miguel Torres Santa Digna Gran Reserva Carmenere 750 cc",
    "brand": "Miguel Torres",
    "category": "licores-bebidas-y-aguas",
    "price": 6190,
    "price_original": 8890,
    "currency": "CLP",
    "size": null,
    "unit_price": null,
    "image_url": "https://jumbocl.vteximg.com.br/arquivos/ids/302515-250-250/Vino-Carmenere-Santa-Digna-Reserva-750-cc.jpg?v=638776376129100000",
    "productUrl": "https://www.jumbo.cl/carmenere-santa-digna-vina-miguel-torres-reserva-750-cc/p",
    "in_stock": true,
    "promo_text": "3 por 2 a $17.781",
    "sku": "11959",
    "rating": 5,
    "description": null
  },
  {
    "id": "39902",
    "name": "Whisky Johnnie Walker Green Label 750 cc",
    "brand": "Johnnie Walker",
    "category": "licores-bebidas-y-aguas",
    "price": 79990,
    "price_original": null,
    "currency": "CLP",
    "size": null,
    "unit_price": null,
    "image_url": "https://jumbocl.vteximg.com.br/arquivos/ids/307274-250-250/Whisky-Johnnie-Walker-Green-Label-750-cc.jpg?v=638776384195930000",
    "productUrl": "https://www.jumbo.cl/whisky-johnny-walker-green-750-cc/p",
    "in_stock": true,
    "promo_text": null,
    "sku": "39902",
    "rating": 5,
    "description": null
  },
  {
    "id": "634",
    "name": "Jugo en Polvo Livean Melón Tuna 7 g",
    "brand": "Livean",
    "category": "licores-bebidas-y-aguas",
    "price": 290,
    "price_original": null,
    "currency": "CLP",
    "size": null,
    "unit_price": null,
    "image_url": "https://jumbocl.vteximg.com.br/arquivos/ids/298096-250-250/Jugo-En-Polvo-Livean-Melon-Tuna-7-g.jpg?v=638775748140430000",
    "productUrl": "https://www.jumbo.cl/jugo-de-melon-tuna-livean-sobre-7-g-2/p",
    "in_stock": true,
    "promo_text": "Lleva 10 por $1.990",
    "sku": "634",
    "rating": 5,
    "description": null
  },
  {
    "id": "21628",
    "name": "Licor Fernet Branca 39° Botella 750 cc",
    "brand": "Branca",
    "category": "licores-bebidas-y-aguas",
    "price": 13690,
    "price_original": null,
    "currency": "CLP",
    "size": null,
    "unit_price": null,
    "image_url": "https://jumbocl.vteximg.com.br/arquivos/ids/304226-250-250/Fernet-Branca-39%C2%B0-botella-750-ml.jpg?v=638776379611300000",
    "productUrl": "https://www.jumbo.cl/fernet-branca-750-ml/p",
    "in_stock": true,
    "promo_text": null,
    "sku": "21628",
    "rating": 5,
    "description": null
  },
  {
    "id": "54039",
    "name": "Pack 6 un. Bebida Pepsi Zero 350 ml",
    "brand": "Pepsi",
    "category": "licores-bebidas-y-aguas",
    "price": 5690,
    "price_original": null,
    "currency": "CLP",
    "size": null,
    "unit_price": null,
    "image_url": "https://jumbocl.vteximg.com.br/arquivos/ids/308352-250-250/Pack-6-un-Bebida-Pepsi-Zero-350-ml.jpg?v=638776386778800000",
    "productUrl": "https://www.jumbo.cl/pack-6-unid-bebida-gaseosa-pepsi-light-lata-350-cc-c-u/p",
    "in_stock": true,
    "promo_text": "Lleva 2 por $5.990",
    "sku": "54039",
    "rating": null,
    "description": null
  },
  {
    "id": "132585",
    "name": "Espumante Carmen Frida Kahlo Brut 250 cc",
    "brand": "Carmen",
    "category": "licores-bebidas-y-aguas",
    "price": 1883,
    "price_original": 2690,
    "currency": "CLP",
    "size": null,
    "unit_price": null,
    "image_url": "https://jumbocl.vteximg.com.br/arquivos/ids/321581-250-250/Espumante-Carmen-Frida-Kahlo-Reserva-Brut-lata-250-cc.jpg?v=638776423707800000",
    "productUrl": "https://www.jumbo.cl/espum-carmen-f-kahlo-brut-250cc-12-g-1984556/p",
    "in_stock": true,
    "promo_text": "30% dcto.",
    "sku": "132585",
    "rating": 5,
    "description": null
  },
  {
    "id": "11401",
    "name": "Espumante Jaume Cava Serra Brut 750 cc",
    "brand": "Jaume Serra",
    "category": "licores-bebidas-y-aguas",
    "price": 4893,
    "price_original": 6990,
    "currency": "CLP",
    "size": null,
    "unit_price": null,
    "image_url": "https://jumbocl.vteximg.com.br/arquivos/ids/302072-250-250/Espumante-Jaume-Serra-Brut-Cava-115%C2%B0-Botella-750-cc.jpg?v=638776375770230000",
    "productUrl": "https://www.jumbo.cl/espumante-brut-jaume-serra-750-cc-2/p",
    "in_stock": true,
    "promo_text": "30% dcto.",
    "sku": "11401",
    "rating": 4.5,
    "description": null
  },
  {
    "id": "97919",
    "name": "Espumante Viñamar Sin Alcohol Zero Rosé 750 cc",
    "brand": "Viñamar",
    "category": "licores-bebidas-y-aguas",
    "price": 8990,
    "price_original": null,
    "currency": "CLP",
    "size": null,
    "unit_price": null,
    "image_url": "https://jumbocl.vteximg.com.br/arquivos/ids/410963-250-250/Espumante-Sin-Alcohol-Vi%C3%B1amar-Zero-Rose-750-cc.jpg?v=638857754794500000",
    "productUrl": "https://www.jumbo.cl/espum-vina-mar-zero-rose-bot-750cc-0-5gl-1855464/p",
    "in_stock": true,
    "promo_text": "Paga $5.394",
    "sku": "97919",
    "rating": 5,
    "description": null
  },
  {
    "id": "83800",
    "name": "Espumante Viñamar Sin Alcohol Zero 750 cc",
    "brand": "Viñamar",
    "category": "licores-bebidas-y-aguas",
    "price": 8990,
    "price_original": null,
    "currency": "CLP",
    "size": null,
    "unit_price": null,
    "image_url": "https://jumbocl.vteximg.com.br/arquivos/ids/410945-250-250/Espumante-Sin-Alcohol-Zero-Vi%C3%B1amar-750-cc.jpg?v=638857754558300000",
    "productUrl": "https://www.jumbo.cl/espumante-zero-0-750-cc/p",
    "in_stock": true,
    "promo_text": "Paga $5.394",
    "sku": "83800",
    "rating": 4.8,
    "description": null
  },
  {
    "id": "24596",
    "name": "Vino Santa Ema 60/40 gran Reserva Ensamblaje 750 cc",
    "brand": "Santa Ema",
    "category": "licores-bebidas-y-aguas",
    "price": 10390,
    "price_original": null,
    "currency": "CLP",
    "size": null,
    "unit_price": null,
    "image_url": "https://jumbocl.vteximg.com.br/arquivos/ids/305104-250-250/Vino-Cabernet-Sauvignon-Merlot-Vi%C3%B1a-Santa-Ema-Reserva-135%C2%B0-750-cc.jpg?v=638776381232930000",
    "productUrl": "https://www.jumbo.cl/cabernet-sauvignon-merlot-vi-a-santa-ema-reserva-13-5-750-cc/p",
    "in_stock": true,
    "promo_text": "3 por 2 a $20.781",
    "sku": "24596",
    "rating": 5,
    "description": null
  },
  {
    "id": "65176",
    "name": "Espumante Misiones de Rengo Rosé 750 cc",
    "brand": "Misiones de Rengo",
    "category": "licores-bebidas-y-aguas",
    "price": 6790,
    "price_original": null,
    "currency": "CLP",
    "size": null,
    "unit_price": null,
    "image_url": "https://jumbocl.vteximg.com.br/arquivos/ids/309653-250-250/Espumante-Misiones-de-Rengo-Rose-750-cc.jpg?v=638776389626370000",
    "productUrl": "https://www.jumbo.cl/rose-misiones-de-rengo-750-cc/p",
    "in_stock": true,
    "promo_text": "Paga $4.074",
    "sku": "65176",
    "rating": 4.9,
    "description": null
  },
  {
    "id": "637",
    "name": "Jugo en Polvo Livean Naranja 7 g",
    "brand": "Livean",
    "category": "licores-bebidas-y-aguas",
    "price": 290,
    "price_original": null,
    "currency": "CLP",
    "size": null,
    "unit_price": null,
    "image_url": "https://jumbocl.vteximg.com.br/arquivos/ids/298101-250-250/Jugo-En-Polvo-Livean-Naranja-7-g.jpg?v=638775748189870000",
    "productUrl": "https://www.jumbo.cl/jugo-de-naranja-livean-sobre-7-g-2/p",
    "in_stock": true,
    "promo_text": "Lleva 10 por $1.990",
    "sku": "637",
    "rating": 5,
    "description": null
  },
  {
    "id": "127155",
    "name": "Gin Patagon Original 40° Botella 750 cc",
    "brand": "Patagon",
    "category": "licores-bebidas-y-aguas",
    "price": 11473,
    "price_original": 16390,
    "currency": "CLP",
    "size": null,
    "unit_price": null,
    "image_url": "https://jumbocl.vteximg.com.br/arquivos/ids/319209-250-250/Gin-Patagon-Original-40%C2%B0-botella-750-cc.jpg?v=638776416988230000",
    "productUrl": "https://www.jumbo.cl/gin-patagon-original-bot-750cc-40-1960277/p",
    "in_stock": true,
    "promo_text": "30% dcto.",
    "sku": "127155",
    "rating": null,
    "description": null
  },
  {
    "id": "410",
    "name": "Bebida Inca Kola 1.5 L",
    "brand": "Inca Kola",
    "category": "licores-bebidas-y-aguas",
    "price": 1390,
    "price_original": 2190,
    "currency": "CLP",
    "size": null,
    "unit_price": null,
    "image_url": "https://jumbocl.vteximg.com.br/arquivos/ids/297902-250-250/Bebida-Inca-Kola-15-L.jpg?v=638775744958270000",
    "productUrl": "https://www.jumbo.cl/bebida-inca-kola-botella-15-l/p",
    "in_stock": true,
    "promo_text": null,
    "sku": "410",
    "rating": 5,
    "description": null
  },
  {
    "id": "136298",
    "name": "Pack Whisky Johnnie Walker Red 40° 750 cc + 2 Vasos",
    "brand": "Johnnie Walker",
    "category": "licores-bebidas-y-aguas",
    "price": 11990,
    "price_original": null,
    "currency": "CLP",
    "size": null,
    "unit_price": null,
    "image_url": "https://jumbocl.vteximg.com.br/arquivos/ids/326282-250-250/Pack-Johnnie-Walker-Red-40%C2%B0-750-cc---2-Vasos.jpg?v=638776429079730000",
    "productUrl": "https://www.jumbo.cl/pk-red-75cl-40-g/p",
    "in_stock": true,
    "promo_text": null,
    "sku": "136298",
    "rating": null,
    "description": null
  },
  {
    "id": "43833",
    "name": "Pack 6 un. Bebida Gaseosa Kem Xtreme Lata 350 ml",
    "brand": "Kem Xtreme",
    "category": "licores-bebidas-y-aguas",
    "price": 5690,
    "price_original": null,
    "currency": "CLP",
    "size": null,
    "unit_price": null,
    "image_url": "https://jumbocl.vteximg.com.br/arquivos/ids/307621-250-250/Pack-6-un-Bebida-Gaseosa-Kem-Xtreme-Lata-350-ml.jpg?v=638776385082770000",
    "productUrl": "https://www.jumbo.cl/pack-bebida-kem-xtreme-6-unid-350-cc-c-u/p",
    "in_stock": true,
    "promo_text": "Lleva 2 por $5.990",
    "sku": "43833",
    "rating": 5,
    "description": null
  },
  {
    "id": "55952",
    "name": "Pack 6 un. Cerveza Cristal Radler Sin Alcohol 350 cc",
    "brand": "Cristal",
    "category": "licores-bebidas-y-aguas",
    "price": 3983,
    "price_original": 5690,
    "currency": "CLP",
    "size": null,
    "unit_price": null,
    "image_url": "https://jumbocl.vteximg.com.br/arquivos/ids/308869-250-250/Pack-6-un-Cerveza-Cristal-Radler-Sin-alcohol-350-cc.jpg?v=638857747559170000",
    "productUrl": "https://www.jumbo.cl/pack-6-unidades-cerveza-cristal-radler-sin-alcohol-350-cc-1669481-pak/p",
    "in_stock": true,
    "promo_text": "30% dcto.",
    "sku": "55952",
    "rating": 4.4,
    "description": null
  },
  {
    "id": "119268",
    "name": "Licor de Pisco Mistral Nobel Apple 35° 750 cc",
    "brand": "Mistral",
    "category": "licores-bebidas-y-aguas",
    "price": 10913,
    "price_original": 15590,
    "currency": "CLP",
    "size": null,
    "unit_price": null,
    "image_url": "https://jumbocl.vteximg.com.br/arquivos/ids/316916-250-250/Pisco-Mistral-Nobel-Apple-35%C2%B0-750-cc.jpg?v=638776410376600000",
    "productUrl": "https://www.jumbo.cl/pisco-mistral-nobel-apple-35-750cc-1937671/p",
    "in_stock": true,
    "promo_text": "30% dcto.",
    "sku": "119268",
    "rating": 4.7,
    "description": null
  },
  {
    "id": "89357",
    "name": "Néctar Guallarauco Mango, Piña y Naranja 0% Azúcar Añadida 1 L",
    "brand": "Guallarauco",
    "category": "licores-bebidas-y-aguas",
    "price": 2290,
    "price_original": 3190,
    "currency": "CLP",
    "size": null,
    "unit_price": null,
    "image_url": "https://jumbocl.vteximg.com.br/arquivos/ids/523740-250-250/Jugo-Guallarauco-Mango-Pi%C3%B1a-y-Naranja-0--Azucar-A%C3%B1adida-1-L.jpg?v=638959916556900000",
    "productUrl": "https://www.jumbo.cl/jugo-nectar-mango-pina-naranja-1-l/p",
    "in_stock": true,
    "promo_text": "Paga $2.090",
    "sku": "89357",
    "rating": 5,
    "description": null
  },
  {
    "id": "42723",
    "name": "Espumante Misiones de Rengo Brut 750 cc",
    "brand": "Misiones de Rengo",
    "category": "licores-bebidas-y-aguas",
    "price": 6790,
    "price_original": null,
    "currency": "CLP",
    "size": null,
    "unit_price": null,
    "image_url": "https://jumbocl.vteximg.com.br/arquivos/ids/307541-250-250/Espumante-Misiones-de-Rengo-Brut-750-cc.jpg?v=638776384959400000",
    "productUrl": "https://www.jumbo.cl/espumante-misiones-de-rengo-brut-12-5-750-cc/p",
    "in_stock": true,
    "promo_text": "Paga $4.074",
    "sku": "42723",
    "rating": 4.7,
    "description": null
  },
  {
    "id": "126878",
    "name": "Gin Patagon Maqui 40° Botella 750 cc",
    "brand": "Patagon",
    "category": "licores-bebidas-y-aguas",
    "price": 11473,
    "price_original": 16390,
    "currency": "CLP",
    "size": null,
    "unit_price": null,
    "image_url": "https://jumbocl.vteximg.com.br/arquivos/ids/319221-250-250/Gin-Patagon-Maqui-40%C2%B0-botella-750-cc.jpg?v=638776417025030000",
    "productUrl": "https://www.jumbo.cl/gin-patagon-maqui-bot-750cc-40-1959476/p",
    "in_stock": true,
    "promo_text": "30% dcto.",
    "sku": "126878",
    "rating": 5,
    "description": null
  },
  {
    "id": "55670",
    "name": "Espumante Amaranta Moscato 750 cc",
    "brand": "Amaranta",
    "category": "licores-bebidas-y-aguas",
    "price": 4193,
    "price_original": 5990,
    "currency": "CLP",
    "size": null,
    "unit_price": null,
    "image_url": "https://jumbocl.vteximg.com.br/arquivos/ids/308815-250-250/Espumante-Moscato-11%C2%B0-750-cc.jpg?v=638776387653600000",
    "productUrl": "https://www.jumbo.cl/espumante-amaranta-moscato-12-750-cc/p",
    "in_stock": true,
    "promo_text": "30% dcto.",
    "sku": "55670",
    "rating": 4.8,
    "description": null
  },
  {
    "id": "141311",
    "name": "Pisco Mistral Nobel Cristalino 40° 750 cc",
    "brand": "Mistral",
    "category": "licores-bebidas-y-aguas",
    "price": 10913,
    "price_original": 15590,
    "currency": "CLP",
    "size": null,
    "unit_price": null,
    "image_url": "https://jumbocl.vteximg.com.br/arquivos/ids/436068-250-250/Pisco-Mistral-Nobel-Cristalino-40%C2%B0-750-cc.jpg?v=638826959178100000",
    "productUrl": "https://www.jumbo.cl/pisco-mistral40/p",
    "in_stock": true,
    "promo_text": "30% dcto.",
    "sku": "141311",
    "rating": 5,
    "description": null
  },
  {
    "id": "43978",
    "name": "Pack 6 un. Bebida Canada Dry Ginger Ale Lata 350 ml",
    "brand": "Canada Dry",
    "category": "licores-bebidas-y-aguas",
    "price": 5690,
    "price_original": null,
    "currency": "CLP",
    "size": null,
    "unit_price": null,
    "image_url": "https://jumbocl.vteximg.com.br/arquivos/ids/357440-250-250/Pack-bebida-Canada-Dry-Ginger-Ale-6-unid-350-ml-c-u.jpg?v=638776717801830000",
    "productUrl": "https://www.jumbo.cl/pack-bebida-canada-dry-ginger-ale-6-unid-350-cc-c-u/p",
    "in_stock": true,
    "promo_text": "Lleva 2 por $5.990",
    "sku": "43978",
    "rating": 5,
    "description": null
  },
  {
    "id": "89020",
    "name": "Néctar Guallarauco Mango 0% Azúcar Añadida 1 L",
    "brand": "Guallarauco",
    "category": "licores-bebidas-y-aguas",
    "price": 2290,
    "price_original": 3190,
    "currency": "CLP",
    "size": null,
    "unit_price": null,
    "image_url": "https://jumbocl.vteximg.com.br/arquivos/ids/523708-250-250/Nectar-Guallarauco-Mango-0--Azucar-A%C3%B1adida-1-L.jpg?v=638959916497570000",
    "productUrl": "https://www.jumbo.cl/jugo-guallarauco-mango-1-lt/p",
    "in_stock": true,
    "promo_text": "Paga $2.090",
    "sku": "89020",
    "rating": 5,
    "description": null
  },
  {
    "id": "24687",
    "name": "Espumante Valdivieso Rosé 750 cc",
    "brand": "Valdivieso",
    "category": "licores-bebidas-y-aguas",
    "price": 4823,
    "price_original": 6890,
    "currency": "CLP",
    "size": null,
    "unit_price": null,
    "image_url": "https://jumbocl.vteximg.com.br/arquivos/ids/305611-250-250/Espumante-Rose-12%C2%B0-750-cc.jpg?v=638776381688270000",
    "productUrl": "https://www.jumbo.cl/champana-valdivieso-750-ml-rose/p",
    "in_stock": true,
    "promo_text": "30% dcto.",
    "sku": "24687",
    "rating": 4.7,
    "description": null
  },
  {
    "id": "44008",
    "name": "Pack 6 un. Cerveza Stones Mango Fruit Beer 2.5° 350 cc",
    "brand": "Stones",
    "category": "licores-bebidas-y-aguas",
    "price": 6590,
    "price_original": null,
    "currency": "CLP",
    "size": null,
    "unit_price": null,
    "image_url": "https://jumbocl.vteximg.com.br/arquivos/ids/532735-250-250/Pack-6-un-Cerveza-Stones-Mango-Fruit-Beer-25%C2%B0-350-cc.jpg?v=638979414560270000",
    "productUrl": "https://www.jumbo.cl/pack-6-unidades-cerveza-stones-mango-fruit-beer-2-5g-350-cc-1538732-pak/p",
    "in_stock": true,
    "promo_text": "Lleva 2 por $8.990",
    "sku": "44008",
    "rating": 5,
    "description": null
  },
  {
    "id": "122401",
    "name": "Bebida Ginger Ale Schweppes 1.5 L",
    "brand": "Schweppes",
    "category": "licores-bebidas-y-aguas",
    "price": 1390,
    "price_original": 2190,
    "currency": "CLP",
    "size": null,
    "unit_price": null,
    "image_url": "https://jumbocl.vteximg.com.br/arquivos/ids/388041-250-250/Ginger-Ale-15-L.jpg?v=638776854219130000",
    "productUrl": "https://www.jumbo.cl/beb-gas-schweppes-ginger-ale-pet-1-5-1950829/p",
    "in_stock": true,
    "promo_text": null,
    "sku": "122401",
    "rating": null,
    "description": null
  },
  {
    "id": "15",
    "name": "Bebida Isotónica Gatorade Blue 1 L",
    "brand": "Gatorade",
    "category": "licores-bebidas-y-aguas",
    "price": 1690,
    "price_original": null,
    "currency": "CLP",
    "size": null,
    "unit_price": null,
    "image_url": "https://jumbocl.vteximg.com.br/arquivos/ids/297564-250-250/Bebida-isotonica-blue-1-L.jpg?v=638775740737670000",
    "productUrl": "https://www.jumbo.cl/bebida-isotonica-gatorade-botella-1-l-blue/p",
    "in_stock": true,
    "promo_text": "Lleva 2 por $2.390",
    "sku": "15",
    "rating": 5,
    "description": null
  },
  {
    "id": "134817",
    "name": "Agua Benedictino Limón Jengibre 2 L",
    "brand": "Benedictino",
    "category": "licores-bebidas-y-aguas",
    "price": 1190,
    "price_original": null,
    "currency": "CLP",
    "size": null,
    "unit_price": null,
    "image_url": "https://jumbocl.vteximg.com.br/arquivos/ids/496352-250-250/Agua-Benedictino-Limon-Jengibre-2-L.jpg?v=638911647478130000",
    "productUrl": "https://www.jumbo.cl/agua-benedictino-limon-jengibre-2l-1991091/p",
    "in_stock": true,
    "promo_text": "Lleva 2 por $2.000",
    "sku": "134817",
    "rating": 4,
    "description": null
  },
  {
    "id": "44181",
    "name": "Pack 6 un. Bebida Crush Light 350 ml",
    "brand": "Crush",
    "category": "licores-bebidas-y-aguas",
    "price": 5690,
    "price_original": null,
    "currency": "CLP",
    "size": null,
    "unit_price": null,
    "image_url": "https://jumbocl.vteximg.com.br/arquivos/ids/357559-250-250/Principal-42610.jpg?v=638776719678330000",
    "productUrl": "https://www.jumbo.cl/pack-bebida-crush-light-6-unid-350-cc-c-u/p",
    "in_stock": true,
    "promo_text": "Lleva 2 por $5.990",
    "sku": "44181",
    "rating": null,
    "description": null
  },
  {
    "id": "135213",
    "name": "Agua Saborizada Mas Limonada Frambuesa Gasificada 1.6 L",
    "brand": "Mas",
    "category": "licores-bebidas-y-aguas",
    "price": 1390,
    "price_original": null,
    "currency": "CLP",
    "size": null,
    "unit_price": null,
    "image_url": "https://jumbocl.vteximg.com.br/arquivos/ids/324176-250-250/Agua-Saborizada-Mas-Limonada-Frambuesa-16-L.jpg?v=638776427392070000",
    "productUrl": "https://www.jumbo.cl/mas-limonada-frambuesa-con-gas-1600cc-1993238/p",
    "in_stock": true,
    "promo_text": "Lleva 3 por $3.000",
    "sku": "135213",
    "rating": 4,
    "description": null
  },
  {
    "id": "72502",
    "name": "Espumante Ambassador Brut 750 cc",
    "brand": "Ambassador",
    "category": "licores-bebidas-y-aguas",
    "price": 3983,
    "price_original": 5690,
    "currency": "CLP",
    "size": null,
    "unit_price": null,
    "image_url": "https://jumbocl.vteximg.com.br/arquivos/ids/310098-250-250/Espumante-brut-12%C2%B0-750-cc.jpg?v=638776390884800000",
    "productUrl": "https://www.jumbo.cl/espum-ambassador-brut-12g-bot-750cc/p",
    "in_stock": true,
    "promo_text": "30% dcto.",
    "sku": "72502",
    "rating": null,
    "description": null
  },
  {
    "id": "509",
    "name": "Bebida Fanta Sin Azúcar 3 L",
    "brand": "Fanta",
    "category": "licores-bebidas-y-aguas",
    "price": 3350,
    "price_original": null,
    "currency": "CLP",
    "size": null,
    "unit_price": null,
    "image_url": "https://jumbocl.vteximg.com.br/arquivos/ids/498346-250-250/Bebida-Fanta-Sin-Azucar-3-L.jpg?v=638913491557670000",
    "productUrl": "https://www.jumbo.cl/bebida-fanta-botella-3-l-zero/p",
    "in_stock": true,
    "promo_text": null,
    "sku": "509",
    "rating": null,
    "description": null
  },
  {
    "id": "11399",
    "name": "Espumante Jp Chenet Ice Edition 750 cc",
    "brand": "JP Chenet",
    "category": "licores-bebidas-y-aguas",
    "price": 6293,
    "price_original": 8990,
    "currency": "CLP",
    "size": null,
    "unit_price": null,
    "image_url": "https://jumbocl.vteximg.com.br/arquivos/ids/302642-250-250/Espumante-JP-Chenet-Ice-Edition-750-cc.jpg?v=638776376221930000",
    "productUrl": "https://www.jumbo.cl/espumante-ice-edition-jp-chenet-750-cc-2/p",
    "in_stock": true,
    "promo_text": "30% dcto.",
    "sku": "11399",
    "rating": 5,
    "description": null
  },
  {
    "id": "75488",
    "name": "Espumante Undurraga Sweet Moscato 750 cc",
    "brand": "Undurraga",
    "category": "licores-bebidas-y-aguas",
    "price": 4543,
    "price_original": 6490,
    "currency": "CLP",
    "size": null,
    "unit_price": null,
    "image_url": "https://jumbocl.vteximg.com.br/arquivos/ids/310505-250-250/Espumante-Moscato-Sweet-13%C2%B0-750-cc.jpg?v=638776391644970000",
    "productUrl": "https://www.jumbo.cl/esp-moscato-sweet-undurraga-13g-750-cc/p",
    "in_stock": true,
    "promo_text": "30% dcto.",
    "sku": "75488",
    "rating": 5,
    "description": null
  },
  {
    "id": "11962",
    "name": "Vino Orgánico Migue Torres Las Mulas Reserva Carmenere 750 cc",
    "brand": "Las Mulas",
    "category": "licores-bebidas-y-aguas",
    "price": 7890,
    "price_original": null,
    "currency": "CLP",
    "size": null,
    "unit_price": null,
    "image_url": "https://jumbocl.vteximg.com.br/arquivos/ids/302655-250-250/Vino-Organico-Las-Mulas-Reserva-Carmenere-135%C2%B0-botella-750-cc.jpg?v=638776376231170000",
    "productUrl": "https://www.jumbo.cl/carmenere-las-mulas-reserva-vina-miguel-torres-organico-750-cc/p",
    "in_stock": true,
    "promo_text": "3 por 2 a $15.781",
    "sku": "11962",
    "rating": 4.7,
    "description": null
  },
  {
    "id": "124439",
    "name": "Pack 4 un. Cerveza Guinness Stout 4.2° 440 cc",
    "brand": "Guinness",
    "category": "licores-bebidas-y-aguas",
    "price": 11990,
    "price_original": null,
    "currency": "CLP",
    "size": null,
    "unit_price": null,
    "image_url": "https://jumbocl.vteximg.com.br/arquivos/ids/318656-250-250/Pack-4-un-Cerveza-Guinness-Stout-42%C2%B0-440-cc.jpg?v=638776415377470000",
    "productUrl": "https://www.jumbo.cl/pack-4-unidades-cerveza-guinness-stout-4-2g-440-cc-1947528-pak/p",
    "in_stock": true,
    "promo_text": null,
    "sku": "124439",
    "rating": 5,
    "description": null
  },
  {
    "id": "43807",
    "name": "Pack 4 un. Cerveza Kunstmann Rubia Lager 4.3° 330 cc",
    "brand": "Kunstmann",
    "category": "licores-bebidas-y-aguas",
    "price": 6490,
    "price_original": 7790,
    "currency": "CLP",
    "size": null,
    "unit_price": null,
    "image_url": "https://jumbocl.vteximg.com.br/arquivos/ids/307701-250-250/Pack-4-un-Cerveza-Kunstmann-Rubia-Lager-43%C2%B0-330-cc.jpg?v=638776385219670000",
    "productUrl": "https://www.jumbo.cl/pack-4-unidades-cerveza-kunstmann-rubia-lager-4-3g-330-cc-263609-pak/p",
    "in_stock": true,
    "promo_text": "Paga $5.990",
    "sku": "43807",
    "rating": 4.7,
    "description": null
  },
  {
    "id": "127387",
    "name": "Gin Hendrick's Flora Adora 43.4° 700 cc",
    "brand": "Hendrick's",
    "category": "licores-bebidas-y-aguas",
    "price": 22393,
    "price_original": 31990,
    "currency": "CLP",
    "size": null,
    "unit_price": null,
    "image_url": "https://jumbocl.vteximg.com.br/arquivos/ids/319478-250-250/Gin-Hendrick-s-Flora-Adora-434%C2%B0-700-cc.jpg?v=638776417602600000",
    "productUrl": "https://www.jumbo.cl/gin-hendricks-flora-adora-700cc-43-4-1964161/p",
    "in_stock": true,
    "promo_text": "30% dcto.",
    "sku": "127387",
    "rating": null,
    "description": null
  },
  {
    "id": "24851",
    "name": "Espumante Undurraga Extra Brut 750 cc",
    "brand": "Undurraga",
    "category": "licores-bebidas-y-aguas",
    "price": 5733,
    "price_original": 8190,
    "currency": "CLP",
    "size": null,
    "unit_price": null,
    "image_url": "https://jumbocl.vteximg.com.br/arquivos/ids/425716-250-250/Espumante-Extra-Brut-750-cc.jpg?v=638810976500530000",
    "productUrl": "https://www.jumbo.cl/espumante-extra-brut-undurraga-750-ml/p",
    "in_stock": true,
    "promo_text": "30% dcto.",
    "sku": "24851",
    "rating": 4.8,
    "description": null
  },
  {
    "id": "132727",
    "name": "Pisco Alto del Carmen Roble del Sur 35° 1 L",
    "brand": "Alto Del Carmen",
    "category": "licores-bebidas-y-aguas",
    "price": 6853,
    "price_original": 9790,
    "currency": "CLP",
    "size": null,
    "unit_price": null,
    "image_url": "https://jumbocl.vteximg.com.br/arquivos/ids/321697-250-250/Pisco-Alto-del-Carmen-Roble-del-Sur-35%C2%B0-1-L.jpg?v=638776423920300000",
    "productUrl": "https://www.jumbo.cl/pisco-alto-carmen-roble-del-sur-35-1-lt-1985249/p",
    "in_stock": true,
    "promo_text": "30% dcto.",
    "sku": "132727",
    "rating": null,
    "description": null
  },
  {
    "id": "11952",
    "name": "Vino Casillero del Diablo Reserva Carmenere 750 cc",
    "brand": "Casillero Del Diablo",
    "category": "licores-bebidas-y-aguas",
    "price": 4990,
    "price_original": 5990,
    "currency": "CLP",
    "size": null,
    "unit_price": null,
    "image_url": "https://jumbocl.vteximg.com.br/arquivos/ids/302319-250-250/Vino-Casillero-Del-Diablo-Carmenere-750-cc.jpg?v=638776375981430000",
    "productUrl": "https://www.jumbo.cl/carmenere-casillero-del-diablo-vina-concha-y-toro-750-cc/p",
    "in_stock": true,
    "promo_text": "3 por 2 a $11.981",
    "sku": "11952",
    "rating": 4.8,
    "description": null
  },
  {
    "id": "25208",
    "name": "Espumante Viñamar Demisec 750 cc",
    "brand": "Viñamar",
    "category": "licores-bebidas-y-aguas",
    "price": 5990,
    "price_original": 7390,
    "currency": "CLP",
    "size": null,
    "unit_price": null,
    "image_url": "https://jumbocl.vteximg.com.br/arquivos/ids/305955-250-250/Espumante-Vinamar-Demisec-750-cc.jpg?v=638776381926900000",
    "productUrl": "https://www.jumbo.cl/espumante-vina-mar-demi-sec-12-5-750-cc/p",
    "in_stock": true,
    "promo_text": "Paga $4.434",
    "sku": "25208",
    "rating": 5,
    "description": null
  },
  {
    "id": "17263",
    "name": "Cerveza Flensburger Lager 4.8° 330 cc",
    "brand": "Flensburger",
    "category": "licores-bebidas-y-aguas",
    "price": 2490,
    "price_original": null,
    "currency": "CLP",
    "size": null,
    "unit_price": null,
    "image_url": "https://jumbocl.vteximg.com.br/arquivos/ids/303976-250-250/Cerveza-Flensburger-Lager-48%C2%B0-330-cc.jpg?v=638776378506400000",
    "productUrl": "https://www.jumbo.cl/cerveza-flensburger-lager-4-8g-330-cc-949035/p",
    "in_stock": true,
    "promo_text": null,
    "sku": "17263",
    "rating": null,
    "description": null
  },
  {
    "id": "132618",
    "name": "Espumante Viñamar Brut Unique 187 cc",
    "brand": "Viñamar",
    "category": "licores-bebidas-y-aguas",
    "price": 2890,
    "price_original": null,
    "currency": "CLP",
    "size": null,
    "unit_price": null,
    "image_url": "https://jumbocl.vteximg.com.br/arquivos/ids/321506-250-250/Espumante-Vinamar-Brut-Unique-187-cc.jpg?v=638776423514200000",
    "productUrl": "https://www.jumbo.cl/espm-vina-mar-unique-bot-187cc-12-1-gl-1984559/p",
    "in_stock": true,
    "promo_text": "Paga $1.734",
    "sku": "132618",
    "rating": null,
    "description": null
  },
  {
    "id": "518",
    "name": "Bebida Pap Zero 1.5 L",
    "brand": "Pap",
    "category": "licores-bebidas-y-aguas",
    "price": 2050,
    "price_original": null,
    "currency": "CLP",
    "size": null,
    "unit_price": null,
    "image_url": "https://jumbocl.vteximg.com.br/arquivos/ids/297997-250-250/Bebida-Pap-zero-15-L.jpg?v=638775746175130000",
    "productUrl": "https://www.jumbo.cl/bebida-pap-zero-15-l-botella-desechable/p",
    "in_stock": true,
    "promo_text": null,
    "sku": "518",
    "rating": null,
    "description": null
  },
  {
    "id": "134856",
    "name": "Cerveza Duff Lager 5.0° Lata 330 cc",
    "brand": "Duff",
    "category": "licores-bebidas-y-aguas",
    "price": 1190,
    "price_original": null,
    "currency": "CLP",
    "size": null,
    "unit_price": null,
    "image_url": "https://jumbocl.vteximg.com.br/arquivos/ids/323249-250-250/Cerveza-Duff-Lager-50%C2%B0-Lata-330-cc.jpg?v=638776426760430000",
    "productUrl": "https://www.jumbo.cl/cerveza-duff-lager-5-0g-lata-330-cc-1980051/p",
    "in_stock": true,
    "promo_text": null,
    "sku": "134856",
    "rating": null,
    "description": null
  },
  {
    "id": "11968",
    "name": "Vino Santa Rita Medalla Real Reserva Carmenere 750 cc",
    "brand": "Santa Rita",
    "category": "licores-bebidas-y-aguas",
    "price": 3590,
    "price_original": 5990,
    "currency": "CLP",
    "size": null,
    "unit_price": null,
    "image_url": "https://jumbocl.vteximg.com.br/arquivos/ids/302907-250-250/Vino-Medalla-Real-Carmenere-14%C2%B0-750-cc.jpg?v=638776376438000000",
    "productUrl": "https://www.jumbo.cl/carmenere-vina-santa-rita-reserva-medalla-real-750-cc/p",
    "in_stock": true,
    "promo_text": null,
    "sku": "11968",
    "rating": 4.9,
    "description": null
  },
  {
    "id": "65175",
    "name": "Espumante Misiones de Rengo Moscato 750 cc",
    "brand": "Misiones de Rengo",
    "category": "licores-bebidas-y-aguas",
    "price": 6790,
    "price_original": null,
    "currency": "CLP",
    "size": null,
    "unit_price": null,
    "image_url": "https://jumbocl.vteximg.com.br/arquivos/ids/309639-250-250/Espumante-Misiones-de-Rengo-Moscato-750-cc.jpg?v=638776389588470000",
    "productUrl": "https://www.jumbo.cl/espumante-misiones-de-rengo-moscato-750-cc/p",
    "in_stock": true,
    "promo_text": "Paga $4.074",
    "sku": "65175",
    "rating": 5,
    "description": null
  },
  {
    "id": "134843",
    "name": "Cerveza Royal Dutch Lager 8.5° Lata 500 cc",
    "brand": "Royal Dutch",
    "category": "licores-bebidas-y-aguas",
    "price": 1490,
    "price_original": null,
    "currency": "CLP",
    "size": null,
    "unit_price": null,
    "image_url": "https://jumbocl.vteximg.com.br/arquivos/ids/322624-250-250/Cerveza-Royal-Dutch-Lager-85%C2%B0-lata-500-cc.jpg?v=638776426276870000",
    "productUrl": "https://www.jumbo.cl/cerveza-royal-dutch-lager-8-5g-lata-500-cc-1979083/p",
    "in_stock": true,
    "promo_text": null,
    "sku": "134843",
    "rating": null,
    "description": null
  },
  {
    "id": "130249",
    "name": "Pack 12 un. Cerveza Budweiser 5.0° 354 cc",
    "brand": "Budweiser",
    "category": "licores-bebidas-y-aguas",
    "price": 7990,
    "price_original": 9990,
    "currency": "CLP",
    "size": null,
    "unit_price": null,
    "image_url": "https://jumbocl.vteximg.com.br/arquivos/ids/489211-250-250/Pack-12-un-Cerveza-Budweiser-50%C2%B0-354-cc.jpg?v=638899506468800000",
    "productUrl": "https://www.jumbo.cl/pack-12-unidades-cerveza-budweiser-5-0g-354-cc-1976134-pak/p",
    "in_stock": true,
    "promo_text": null,
    "sku": "130249",
    "rating": 5,
    "description": null
  },
  {
    "id": "119250",
    "name": "Gin Hendrick's Neptunia 43.4° 700 cc",
    "brand": "Hendrick's",
    "category": "licores-bebidas-y-aguas",
    "price": 22393,
    "price_original": 31990,
    "currency": "CLP",
    "size": null,
    "unit_price": null,
    "image_url": "https://jumbocl.vteximg.com.br/arquivos/ids/316937-250-250/Gin-Hendricks-Neptunia-434%C2%B0-700-cc.jpg?v=638776410442200000",
    "productUrl": "https://www.jumbo.cl/gin-hendricks-neptunia-bot-700cc-43-4-1939116/p",
    "in_stock": true,
    "promo_text": "30% dcto.",
    "sku": "119250",
    "rating": 5,
    "description": null
  },
  {
    "id": "113501",
    "name": "Cerveza Austral Patagonia Black Lager 5.3° 470 cc",
    "brand": "Austral",
    "category": "licores-bebidas-y-aguas",
    "price": 1470,
    "price_original": null,
    "currency": "CLP",
    "size": null,
    "unit_price": null,
    "image_url": "https://jumbocl.vteximg.com.br/arquivos/ids/315920-250-250/Cerveza-Austral-Patagonia-Black-Lager-53%C2%B0-470-cc.jpg?v=638776406952400000",
    "productUrl": "https://www.jumbo.cl/cerveza-austral-patagonia-black-lager-5-3g-470-cc-1927436/p",
    "in_stock": true,
    "promo_text": "Lleva 4 por $3.990",
    "sku": "113501",
    "rating": 4.7,
    "description": null
  },
  {
    "id": "11398",
    "name": "Espumante Jp Chenet Blanc Brut 750 cc",
    "brand": "JP Chenet",
    "category": "licores-bebidas-y-aguas",
    "price": 5943,
    "price_original": 8490,
    "currency": "CLP",
    "size": null,
    "unit_price": null,
    "image_url": "https://jumbocl.vteximg.com.br/arquivos/ids/302599-250-250/Espumante-JP-Chenet-Brut-Blanc-750-cc.jpg?v=638776376187970000",
    "productUrl": "https://www.jumbo.cl/espumante-brut-blanc-jp-chenet-750-cc-2/p",
    "in_stock": true,
    "promo_text": "30% dcto.",
    "sku": "11398",
    "rating": null,
    "description": null
  },
  {
    "id": "137939",
    "name": "Caja 6 un. Espumante Viña Mar Brut 12.5° 750 cc",
    "brand": "Viña Mar",
    "category": "licores-bebidas-y-aguas",
    "price": 29990,
    "price_original": 44340,
    "currency": "CLP",
    "size": null,
    "unit_price": null,
    "image_url": "https://jumbocl.vteximg.com.br/arquivos/ids/328718-250-250/Caja-6-un-Espumante-Vi%C3%B1a-Mar-Brut-125%C2%B0-botella-750-cc.jpg?v=638776431212300000",
    "productUrl": "https://www.jumbo.cl/caja-6-espumante-vina-mar-clasico-brut-bot-750-cc-490540-cs/p",
    "in_stock": true,
    "promo_text": null,
    "sku": "137939",
    "rating": 5,
    "description": null
  },
  {
    "id": "43842",
    "name": "Pack 6 un. Bebida Limón Soda 350 cc",
    "brand": "Limón Soda",
    "category": "licores-bebidas-y-aguas",
    "price": 5690,
    "price_original": null,
    "currency": "CLP",
    "size": null,
    "unit_price": null,
    "image_url": "https://jumbocl.vteximg.com.br/arquivos/ids/357417-250-250/Principal-42659.jpg?v=638776717651370000",
    "productUrl": "https://www.jumbo.cl/pack-bebida-limon-soda-6-unid-350-cc-c-u/p",
    "in_stock": true,
    "promo_text": "Lleva 2 por $5.990",
    "sku": "43842",
    "rating": null,
    "description": null
  },
  {
    "id": "131334",
    "name": "Cerveza Altamira Banulla Pancake 5.0° 473 cc",
    "brand": "Altamira",
    "category": "licores-bebidas-y-aguas",
    "price": 3190,
    "price_original": null,
    "currency": "CLP",
    "size": null,
    "unit_price": null,
    "image_url": "https://jumbocl.vteximg.com.br/arquivos/ids/320799-250-250/Cerveza-Altamira-Banulla-Pancake-50%C2%B0-473-cc.jpg?v=638776421837800000",
    "productUrl": "https://www.jumbo.cl/cerveza-altamira-banulla-pancake-5-0g-473-cc-1975647/p",
    "in_stock": true,
    "promo_text": null,
    "sku": "131334",
    "rating": null,
    "description": null
  },
  {
    "id": "122394",
    "name": "Agua Tónica Schweppes 1.5 L",
    "brand": "Schweppes",
    "category": "licores-bebidas-y-aguas",
    "price": 1390,
    "price_original": 2190,
    "currency": "CLP",
    "size": null,
    "unit_price": null,
    "image_url": "https://jumbocl.vteximg.com.br/arquivos/ids/388042-250-250/BEB-GAS-SCHWEPPES-TOICA-PET-15.jpg?v=638776854219900000",
    "productUrl": "https://www.jumbo.cl/beb-gas-schweppes-toica-pet-1-5-1950831/p",
    "in_stock": true,
    "promo_text": null,
    "sku": "122394",
    "rating": 5,
    "description": null
  },
  {
    "id": "135855",
    "name": "Cerveza Barcelona Cerdos Voladores Pale Ale 6.0° 330 cc",
    "brand": "Barcelona Beer Company",
    "category": "licores-bebidas-y-aguas",
    "price": 2190,
    "price_original": null,
    "currency": "CLP",
    "size": null,
    "unit_price": null,
    "image_url": "https://jumbocl.vteximg.com.br/arquivos/ids/324972-250-250/Cerveza-Cerdos-Voladores-Pale-Ale-60%C2%B0-330-cc.jpg?v=638776428008000000",
    "productUrl": "https://www.jumbo.cl/cerveza-barcelona-cerdos-voladores-pale-ale-6-0g-330-cc-1993748/p",
    "in_stock": true,
    "promo_text": null,
    "sku": "135855",
    "rating": 5,
    "description": null
  },
  {
    "id": "17467",
    "name": "Jugo Selección Watt's Piña Guayaba 1 L",
    "brand": "Watt's",
    "category": "licores-bebidas-y-aguas",
    "price": 2000,
    "price_original": 3050,
    "currency": "CLP",
    "size": null,
    "unit_price": null,
    "image_url": "https://jumbocl.vteximg.com.br/arquivos/ids/303790-250-250/Jugo-Seleccion-Watt-s-Pi%C3%B1a-Guayaba-1-L.jpg?v=638776378143130000",
    "productUrl": "https://www.jumbo.cl/jugo-watt-s-1-l-selemlion-pina-guayaba/p",
    "in_stock": true,
    "promo_text": null,
    "sku": "17467",
    "rating": null,
    "description": null
  },
  {
    "id": "96775",
    "name": "Espumante Sin Alcohol Undurraga 750 cc",
    "brand": "Undurraga",
    "category": "licores-bebidas-y-aguas",
    "price": 5173,
    "price_original": 7390,
    "currency": "CLP",
    "size": null,
    "unit_price": null,
    "image_url": "https://jumbocl.vteximg.com.br/arquivos/ids/369488-250-250/Espumante-sin-alcohol-botella-750-cc.jpg?v=638776777589600000",
    "productUrl": "https://www.jumbo.cl/espumante-libre-de-alcohol-botella-750-cc-1858259/p",
    "in_stock": true,
    "promo_text": "30% dcto.",
    "sku": "96775",
    "rating": 4.1,
    "description": null
  },
  {
    "id": "147768",
    "name": "Gin Bombay Sunset 43° Botella 700 cc",
    "brand": "Bombay",
    "category": "licores-bebidas-y-aguas",
    "price": 13293,
    "price_original": 18990,
    "currency": "CLP",
    "size": null,
    "unit_price": null,
    "image_url": "https://jumbocl.vteximg.com.br/arquivos/ids/437799-250-250/Gin-Bombay-Sunset-43%C2%B0-Botella-700-cc.jpg?v=638831039649700000",
    "productUrl": "https://www.jumbo.cl/gin-bombay-sunset-700-43-gl-2029256/p",
    "in_stock": true,
    "promo_text": "30% dcto.",
    "sku": "147768",
    "rating": null,
    "description": null
  },
  {
    "id": "24599",
    "name": "Vino Santa Ema Amplus Carmenere 750 cc",
    "brand": "Santa Ema",
    "category": "licores-bebidas-y-aguas",
    "price": 23490,
    "price_original": null,
    "currency": "CLP",
    "size": null,
    "unit_price": null,
    "image_url": "https://jumbocl.vteximg.com.br/arquivos/ids/305163-250-250/Vino-Carmenere-Vi%C3%B1a-Santa-Ema-Amplus-14%C2%B0-750-cc.jpg?v=638776381311700000",
    "productUrl": "https://www.jumbo.cl/carmenere-vi-a-santa-ema-amplus-14-750-cc/p",
    "in_stock": true,
    "promo_text": "3 por 2 a $46.982",
    "sku": "24599",
    "rating": null,
    "description": null
  },
  {
    "id": "11981",
    "name": "Vino Ventisquero Alma de Los Andes Reserva Carmenere 750 cc",
    "brand": "Ventisquero",
    "category": "licores-bebidas-y-aguas",
    "price": 5090,
    "price_original": 6390,
    "currency": "CLP",
    "size": null,
    "unit_price": null,
    "image_url": "https://jumbocl.vteximg.com.br/arquivos/ids/302563-250-250/Vino-Carmenere-Vi%C3%B1a-Ventisquero-Reserva-750-cc.jpg?v=638776376165900000",
    "productUrl": "https://www.jumbo.cl/carmenere-vina-ventisquero-750-cc-reserva/p",
    "in_stock": true,
    "promo_text": "3 por 2 a $12.781",
    "sku": "11981",
    "rating": 5,
    "description": null
  },
  {
    "id": "24685",
    "name": "Espumante Valdivieso Demisec 750 cc",
    "brand": "Valdivieso",
    "category": "licores-bebidas-y-aguas",
    "price": 4823,
    "price_original": 6890,
    "currency": "CLP",
    "size": null,
    "unit_price": null,
    "image_url": "https://jumbocl.vteximg.com.br/arquivos/ids/305509-250-250/Espumante-Demi-Sec-12%C2%B0-750-cc.jpg?v=638776381618900000",
    "productUrl": "https://www.jumbo.cl/champana-vina-valdivieso-750-ml-demi-sec/p",
    "in_stock": true,
    "promo_text": "30% dcto.",
    "sku": "24685",
    "rating": 4.9,
    "description": null
  },
  {
    "id": "44103",
    "name": "Pack 6 un. Bebida Agua Tónica Canada Dry Zero 310 ml",
    "brand": "Canada Dry",
    "category": "licores-bebidas-y-aguas",
    "price": 5690,
    "price_original": null,
    "currency": "CLP",
    "size": null,
    "unit_price": null,
    "image_url": "https://jumbocl.vteximg.com.br/arquivos/ids/307625-250-250/Pack-6-un-Bebida-Agua-Tonica-Canada-Dry-Zero-310-ml.jpg?v=638776385097630000",
    "productUrl": "https://www.jumbo.cl/pack-agua-tonica-canada-dry-light-6-unid-310-cc-c-u/p",
    "in_stock": true,
    "promo_text": "Lleva 2 por $5.990",
    "sku": "44103",
    "rating": 5,
    "description": null
  },
  {
    "id": "11324",
    "name": "Cerveza Erdinger Weibbier 5.3° 500 cc",
    "brand": "Erdinger",
    "category": "licores-bebidas-y-aguas",
    "price": 2690,
    "price_original": null,
    "currency": "CLP",
    "size": null,
    "unit_price": null,
    "image_url": "https://jumbocl.vteximg.com.br/arquivos/ids/302317-250-250/Cerveza-Erdinger-Weibbier-53%C2%B0-500-cc.jpg?v=638776375980200000",
    "productUrl": "https://www.jumbo.cl/cerveza-erdinger-weibbier-5-3g-500-cc-263580/p",
    "in_stock": true,
    "promo_text": null,
    "sku": "11324",
    "rating": 5,
    "description": null
  },
  {
    "id": "381",
    "name": "Agua Tónica Canada Dry 1.5 L",
    "brand": "Canada Dry",
    "category": "licores-bebidas-y-aguas",
    "price": 1390,
    "price_original": 2050,
    "currency": "CLP",
    "size": null,
    "unit_price": null,
    "image_url": "https://jumbocl.vteximg.com.br/arquivos/ids/297882-250-250/Canada-Dry-Agua-Tonica-15-L.jpg?v=638775744603000000",
    "productUrl": "https://www.jumbo.cl/agua-tonica-canada-dry-15-l-botella-desechable/p",
    "in_stock": true,
    "promo_text": null,
    "sku": "381",
    "rating": 4,
    "description": null
  },
  {
    "id": "24865",
    "name": "Vino Santa Ema Gran Reserva Malbec 750 cc",
    "brand": "Santa Ema",
    "category": "licores-bebidas-y-aguas",
    "price": 8990,
    "price_original": 11290,
    "currency": "CLP",
    "size": null,
    "unit_price": null,
    "image_url": "https://jumbocl.vteximg.com.br/arquivos/ids/305852-250-250/Vino-Malbec-Santa-Ema-Gran-Reserva-750-cc.jpg?v=638776381852730000",
    "productUrl": "https://www.jumbo.cl/malbec-vi-a-santa-ema-reserva-13-5-750-cc/p",
    "in_stock": true,
    "promo_text": null,
    "sku": "24865",
    "rating": 3,
    "description": null
  },
  {
    "id": "11400",
    "name": "Espumante Jp Chenet Ice Rosé 750 cc",
    "brand": "JP Chenet",
    "category": "licores-bebidas-y-aguas",
    "price": 6293,
    "price_original": 8990,
    "currency": "CLP",
    "size": null,
    "unit_price": null,
    "image_url": "https://jumbocl.vteximg.com.br/arquivos/ids/302046-250-250/Espumante-JP-Chenet-Ice-Rose-750-cc.jpg?v=638776375738300000",
    "productUrl": "https://www.jumbo.cl/espumante-ice-rose-jp-chenet-750-cc-2/p",
    "in_stock": true,
    "promo_text": "30% dcto.",
    "sku": "11400",
    "rating": 4.9,
    "description": null
  },
  {
    "id": "12126",
    "name": "Whisky Chivas Regal 12 40° 750 cc",
    "brand": "Chivas Regal",
    "category": "licores-bebidas-y-aguas",
    "price": 26593,
    "price_original": 37990,
    "currency": "CLP",
    "size": null,
    "unit_price": null,
    "image_url": "https://jumbocl.vteximg.com.br/arquivos/ids/302795-250-250/Whisky-Chivas-12-40%C2%B0-750-cc.jpg?v=638776376340030000",
    "productUrl": "https://www.jumbo.cl/whisky-chivas-regal-750-cc-importado-12-anos/p",
    "in_stock": true,
    "promo_text": "30% dcto.",
    "sku": "12126",
    "rating": 5,
    "description": null
  },
  {
    "id": "25003",
    "name": "Vino Tarapacá Gran Reserva Chardonnay 750 cc",
    "brand": "Tarapacá",
    "category": "licores-bebidas-y-aguas",
    "price": 12150,
    "price_original": null,
    "currency": "CLP",
    "size": null,
    "unit_price": null,
    "image_url": "https://jumbocl.vteximg.com.br/arquivos/ids/306080-250-250/Vino-Tarapaca-Gran-Reserva-Chardonnay-750-cc.jpg?v=638776382019800000",
    "productUrl": "https://www.jumbo.cl/chardonnay-vina-tarapaca-750-ml-gran-reserva/p",
    "in_stock": true,
    "promo_text": "Paga $7.290",
    "sku": "25003",
    "rating": 5,
    "description": null
  },
  {
    "id": "12696",
    "name": "Whisky Chivas Regal 18 Años 40° 750 cc",
    "brand": "Chivas Regal",
    "category": "licores-bebidas-y-aguas",
    "price": 57743,
    "price_original": 82490,
    "currency": "CLP",
    "size": null,
    "unit_price": null,
    "image_url": "https://jumbocl.vteximg.com.br/arquivos/ids/509676-250-250/Whisky-Chivas-Regal-18-A%C3%B1os-40%C2%B0-750-cc.jpg?v=638936262100930000",
    "productUrl": "https://www.jumbo.cl/whisky-chivas-reagal-40-grados18-anos-750-ml/p",
    "in_stock": true,
    "promo_text": "30% dcto.",
    "sku": "12696",
    "rating": 4.5,
    "description": null
  },
  {
    "id": "87373",
    "name": "Jugo Guallarauco Naranja 0% Azúcar Añadida 1.75 L",
    "brand": "Guallarauco",
    "category": "licores-bebidas-y-aguas",
    "price": 5663,
    "price_original": 8090,
    "currency": "CLP",
    "size": null,
    "unit_price": null,
    "image_url": "https://jumbocl.vteximg.com.br/arquivos/ids/523994-250-250/Jugo-Guallarauco-Naranja-0--Azucar-A%C3%B1adida-175-L.jpg?v=638959920637530000",
    "productUrl": "https://www.jumbo.cl/jugo-refr-guallar-naranja-tetra-1-75l/p",
    "in_stock": true,
    "promo_text": "30% dcto.",
    "sku": "87373",
    "rating": 5,
    "description": null
  },
  {
    "id": "115902",
    "name": "Pack 6 un. Cerveza Stella Artois Lager Sin Alcohol 330 cc",
    "brand": "Stella Artois",
    "category": "licores-bebidas-y-aguas",
    "price": 5290,
    "price_original": 7350,
    "currency": "CLP",
    "size": null,
    "unit_price": null,
    "image_url": "https://jumbocl.vteximg.com.br/arquivos/ids/316521-250-250/Pack-6-un-Cerveza-Stella-Artois-Lager-Sin-Alcohol-330-cc.jpg?v=638857747783670000",
    "productUrl": "https://www.jumbo.cl/pack-6-unidades-cerveza-stella-artois-lager-sin-alcohol-330-cc-1931357-pak/p",
    "in_stock": true,
    "promo_text": "Lleva 2 por $9.990",
    "sku": "115902",
    "rating": 5,
    "description": null
  },
  {
    "id": "11378",
    "name": "Espumante Amaranta Demisec 750 cc",
    "brand": "Amaranta",
    "category": "licores-bebidas-y-aguas",
    "price": 4193,
    "price_original": 5990,
    "currency": "CLP",
    "size": null,
    "unit_price": null,
    "image_url": "https://jumbocl.vteximg.com.br/arquivos/ids/302071-250-250/Espumante-Demi-Sec-750-cc.jpg?v=638776375769000000",
    "productUrl": "https://www.jumbo.cl/demi-sec-amaranta-750-cc-2/p",
    "in_stock": true,
    "promo_text": "30% dcto.",
    "sku": "11378",
    "rating": 5,
    "description": null
  },
  {
    "id": "12698",
    "name": "Whisky Jameson Irlandés 40° 750 cc",
    "brand": "Jameson",
    "category": "licores-bebidas-y-aguas",
    "price": 14903,
    "price_original": 21290,
    "currency": "CLP",
    "size": null,
    "unit_price": null,
    "image_url": "https://jumbocl.vteximg.com.br/arquivos/ids/303250-250-250/Whisky-Jameson-Irlandes-40%C2%B0-750-cc.jpg?v=638776376841500000",
    "productUrl": "https://www.jumbo.cl/whisky-irlandes-jameson-40-grados-bot-750-ml/p",
    "in_stock": true,
    "promo_text": "30% dcto.",
    "sku": "12698",
    "rating": 4.8,
    "description": null
  },
  {
    "id": "144368",
    "name": "Bebida Fanta Pomelo 1.5 L",
    "brand": "Fanta",
    "category": "licores-bebidas-y-aguas",
    "price": 1390,
    "price_original": 2190,
    "currency": "CLP",
    "size": null,
    "unit_price": null,
    "image_url": "https://jumbocl.vteximg.com.br/arquivos/ids/340814-250-250/Bebida-Fanta-Pomelo-15-L.jpg?v=638776441025800000",
    "productUrl": "https://www.jumbo.cl/beb-fanta-pomelo-pet-1-5l-2020042/p",
    "in_stock": true,
    "promo_text": null,
    "sku": "144368",
    "rating": null,
    "description": null
  },
  {
    "id": "12064",
    "name": "Pisco El Gobernador 40° 700 cc",
    "brand": "El Gobernador",
    "category": "licores-bebidas-y-aguas",
    "price": 8393,
    "price_original": 11990,
    "currency": "CLP",
    "size": null,
    "unit_price": null,
    "image_url": "https://jumbocl.vteximg.com.br/arquivos/ids/498341-250-250/Pisco-El-Gobernador-40%C2%B0-700-cc.jpg?v=638913491544600000",
    "productUrl": "https://www.jumbo.cl/pisco-el-gobernador-700-cc-40/p",
    "in_stock": true,
    "promo_text": "30% dcto.",
    "sku": "12064",
    "rating": null,
    "description": null
  },
  {
    "id": "12079",
    "name": "Pisco Mistral Añejado en Roble 40° Botella 750 cc",
    "brand": "Mistral",
    "category": "licores-bebidas-y-aguas",
    "price": 6993,
    "price_original": 9990,
    "currency": "CLP",
    "size": null,
    "unit_price": null,
    "image_url": "https://jumbocl.vteximg.com.br/arquivos/ids/302988-250-250/Pisco-Mistral-A%C3%B1ejado-En-Roble-40%C2%B0-Botella-750-cc.jpg?v=638776376507770000",
    "productUrl": "https://www.jumbo.cl/pisco-mistral-750-cc-40/p",
    "in_stock": true,
    "promo_text": "30% dcto.",
    "sku": "12079",
    "rating": null,
    "description": null
  },
  {
    "id": "44088",
    "name": "Pack 4 un. Cerveza Kunstmann Arándano Ale 4.8° 330 cc",
    "brand": "Kunstmann",
    "category": "licores-bebidas-y-aguas",
    "price": 6490,
    "price_original": 8190,
    "currency": "CLP",
    "size": null,
    "unit_price": null,
    "image_url": "https://jumbocl.vteximg.com.br/arquivos/ids/307521-250-250/Pack-4-un-Cerveza-Kunstmann-Arandano-Ale-48%C2%B0-330-cc.jpg?v=638776384928930000",
    "productUrl": "https://www.jumbo.cl/pack-4-unidades-cerveza-kunstmann-arandano-ale-4-8g-330-cc-1260878-pak/p",
    "in_stock": true,
    "promo_text": "Paga $5.990",
    "sku": "44088",
    "rating": 4.8,
    "description": null
  },
  {
    "id": "46452",
    "name": "Bebida Bilz Zero 1.75 L",
    "brand": "Bilz",
    "category": "licores-bebidas-y-aguas",
    "price": 1550,
    "price_original": 2290,
    "currency": "CLP",
    "size": null,
    "unit_price": null,
    "image_url": "https://jumbocl.vteximg.com.br/arquivos/ids/426263-250-250/Bebida-Bilz-Zero-175-L.jpg?v=638810985814600000",
    "productUrl": "https://www.jumbo.cl/bebida-bilz-zero-1-750-cc/p",
    "in_stock": true,
    "promo_text": "Paga $1.390",
    "sku": "46452",
    "rating": null,
    "description": null
  },
  {
    "id": "135355",
    "name": "Vino Santa Ema Cuarto Elemento Carmenere 750 cc",
    "brand": "Santa Ema",
    "category": "licores-bebidas-y-aguas",
    "price": 12950,
    "price_original": 15990,
    "currency": "CLP",
    "size": null,
    "unit_price": null,
    "image_url": "https://jumbocl.vteximg.com.br/arquivos/ids/324677-250-250/Vino-Santa-Ema-Cuarto-Elemento-Carmenere-14%C2%B0-750-cc.jpg?v=638776427775170000",
    "productUrl": "https://www.jumbo.cl/vino-st-ema-4to-elem-carmenere-750cc-14-1993695/p",
    "in_stock": true,
    "promo_text": null,
    "sku": "135355",
    "rating": null,
    "description": null
  },
  {
    "id": "122919",
    "name": "Agua Saborizada Mas Mango Maracuyá Sin Gas 1.6 L",
    "brand": "Mas",
    "category": "licores-bebidas-y-aguas",
    "price": 1350,
    "price_original": null,
    "currency": "CLP",
    "size": null,
    "unit_price": null,
    "image_url": "https://jumbocl.vteximg.com.br/arquivos/ids/318229-250-250/Agua-Saborizada-Cachantun-Mas-Mango-Maracuya-16-L.jpg?v=638776413860100000",
    "productUrl": "https://www.jumbo.cl/agua-sab-mas-mango-maracuya-pet-1-6-l-1950805/p",
    "in_stock": true,
    "promo_text": "Lleva 3 por $3.000",
    "sku": "122919",
    "rating": 5,
    "description": null
  },
  {
    "id": "82350",
    "name": "Pack 4 un. Cerveza Kunstmann Sin Filtrar Lager 5.0° 330 cc",
    "brand": "Kunstmann",
    "category": "licores-bebidas-y-aguas",
    "price": 6490,
    "price_original": 8290,
    "currency": "CLP",
    "size": null,
    "unit_price": null,
    "image_url": "https://jumbocl.vteximg.com.br/arquivos/ids/311290-250-250/Pack-4-un-Cerveza-Kunstmann-Sin-Filtrar-Lager-50%C2%B0-330-cc.jpg?v=638776393348000000",
    "productUrl": "https://www.jumbo.cl/pack-4-unidades-cerveza-kunstmann-sin-filtrar-lager-5-0g-330-cc-946607-pak/p",
    "in_stock": true,
    "promo_text": "Paga $5.990",
    "sku": "82350",
    "rating": 5,
    "description": null
  },
  {
    "id": "80313",
    "name": "Jugo Prensado Bless 07 Maracuyá, Naranja, Piña, Manzana y Limón 1 L",
    "brand": "Bless",
    "category": "licores-bebidas-y-aguas",
    "price": 5590,
    "price_original": null,
    "currency": "CLP",
    "size": null,
    "unit_price": null,
    "image_url": "https://jumbocl.vteximg.com.br/arquivos/ids/310980-250-250/Jugo-Prensado-Bless-07-Maracuya-Naranja-Pi%C3%B1a-Manzana-y-Limon-1-L.jpg?v=638776392667930000",
    "productUrl": "https://www.jumbo.cl/jugo-prensado-bless-07-mar-nar-pin-ma-1l/p",
    "in_stock": true,
    "promo_text": null,
    "sku": "80313",
    "rating": 5,
    "description": null
  },
  {
    "id": "97913",
    "name": "Espumante Ambassador Rosé 750 cc",
    "brand": "Ambassador",
    "category": "licores-bebidas-y-aguas",
    "price": 3983,
    "price_original": 5690,
    "currency": "CLP",
    "size": null,
    "unit_price": null,
    "image_url": "https://jumbocl.vteximg.com.br/arquivos/ids/313113-250-250/Espumante-Rose-750-cc.jpg?v=638776398522700000",
    "productUrl": "https://www.jumbo.cl/espumante-ambassador-rose-750cc-1859559/p",
    "in_stock": true,
    "promo_text": "30% dcto.",
    "sku": "97913",
    "rating": 5,
    "description": null
  },
  {
    "id": "44391",
    "name": "Pack 6 un. Bebida Pap 350 ml",
    "brand": "Pap",
    "category": "licores-bebidas-y-aguas",
    "price": 5690,
    "price_original": null,
    "currency": "CLP",
    "size": null,
    "unit_price": null,
    "image_url": "https://jumbocl.vteximg.com.br/arquivos/ids/357613-250-250/Principal-42646.jpg?v=638776719935970000",
    "productUrl": "https://www.jumbo.cl/pack-bebida-pap-6-unid-350-cc-c-u/p",
    "in_stock": true,
    "promo_text": "Lleva 2 por $5.990",
    "sku": "44391",
    "rating": 5,
    "description": null
  },
  {
    "id": "103264",
    "name": "Gin Mombasa Strawberry 37.5° 700 cc",
    "brand": "Mombasa",
    "category": "licores-bebidas-y-aguas",
    "price": 20993,
    "price_original": 29990,
    "currency": "CLP",
    "size": null,
    "unit_price": null,
    "image_url": "https://jumbocl.vteximg.com.br/arquivos/ids/313987-250-250/Gin-Mombasa-Strawberry-375%C2%B0-700-cc.jpg?v=638776401038830000",
    "productUrl": "https://www.jumbo.cl/gin-mombasa-strawb-700cc-37-5-alc-1884156/p",
    "in_stock": true,
    "promo_text": "30% dcto.",
    "sku": "103264",
    "rating": null,
    "description": null
  },
  {
    "id": "11380",
    "name": "Espumante Carmen Gran Cuvee Gran Reserva Brut 750 cc",
    "brand": "Carmen",
    "category": "licores-bebidas-y-aguas",
    "price": 5383,
    "price_original": 7690,
    "currency": "CLP",
    "size": null,
    "unit_price": null,
    "image_url": "https://jumbocl.vteximg.com.br/arquivos/ids/302140-250-250/Espumante-Carmen-Brut-750-cc.jpg?v=638776375836670000",
    "productUrl": "https://www.jumbo.cl/espumante-brut-carmen-750-cc-2/p",
    "in_stock": true,
    "promo_text": "30% dcto.",
    "sku": "11380",
    "rating": null,
    "description": null
  },
  {
    "id": "54044",
    "name": "Pack 6 un. Bebida Limón Soda Zero Lata 350 cc",
    "brand": "Limón Soda",
    "category": "licores-bebidas-y-aguas",
    "price": 5690,
    "price_original": null,
    "currency": "CLP",
    "size": null,
    "unit_price": null,
    "image_url": "https://jumbocl.vteximg.com.br/arquivos/ids/308408-250-250/Pack-6-un-Bebida-Limon-Soda-Zero-Lata-350-cc.jpg?v=638776386882300000",
    "productUrl": "https://www.jumbo.cl/pack-de-bebidas-limon-soda-zero-lata-350-cc/p",
    "in_stock": true,
    "promo_text": "Lleva 2 por $5.990",
    "sku": "54044",
    "rating": null,
    "description": null
  },
  {
    "id": "11896",
    "name": "Vino Casillero del Diablo Reserva Cabernet Sauvignon 750 cc",
    "brand": "Casillero Del Diablo",
    "category": "licores-bebidas-y-aguas",
    "price": 4990,
    "price_original": 5990,
    "currency": "CLP",
    "size": null,
    "unit_price": null,
    "image_url": "https://jumbocl.vteximg.com.br/arquivos/ids/302861-250-250/Vino-Casillero-Del-Diablo-Cabernet-Sauvignon-750-cc.jpg?v=638776376401970000",
    "productUrl": "https://www.jumbo.cl/cabernet-sauvignon-vina-concha-y-toro-reserva-casillero-del-diablo-750-cc/p",
    "in_stock": true,
    "promo_text": "3 por 2 a $11.981",
    "sku": "11896",
    "rating": 4.8,
    "description": null
  },
  {
    "id": "35453",
    "name": "Vino Santa Ema Select Terroir Reserva Rosé 750 cc",
    "brand": "Santa Ema",
    "category": "licores-bebidas-y-aguas",
    "price": 8690,
    "price_original": null,
    "currency": "CLP",
    "size": null,
    "unit_price": null,
    "image_url": "https://jumbocl.vteximg.com.br/arquivos/ids/307195-250-250/Vino-Rose-Santa-Ema-Reserva-125%C2%B0-750-cc.jpg?v=638776383997000000",
    "productUrl": "https://www.jumbo.cl/vino-vi-a-santa-ema-rosado-soul-12-5-750-cc/p",
    "in_stock": true,
    "promo_text": null,
    "sku": "35453",
    "rating": null,
    "description": null
  },
  {
    "id": "101881",
    "name": "Pisco El Gobernador 35° Botella 700 cc",
    "brand": "El Gobernador",
    "category": "licores-bebidas-y-aguas",
    "price": 6013,
    "price_original": 8590,
    "currency": "CLP",
    "size": null,
    "unit_price": null,
    "image_url": "https://jumbocl.vteximg.com.br/arquivos/ids/313737-250-250/Pisco-35%C2%B0-botella-700-cc.jpg?v=638776400356770000",
    "productUrl": "https://www.jumbo.cl/pisco-35-el-gobernador-bot-700cc-1877040/p",
    "in_stock": true,
    "promo_text": "30% dcto.",
    "sku": "101881",
    "rating": 5,
    "description": null
  },
  {
    "id": "119313",
    "name": "Cerveza Kunstmann Valdivia Pale Lager 5.2° 470 cc",
    "brand": "Kunstmann",
    "category": "licores-bebidas-y-aguas",
    "price": 1450,
    "price_original": null,
    "currency": "CLP",
    "size": null,
    "unit_price": null,
    "image_url": "https://jumbocl.vteximg.com.br/arquivos/ids/317001-250-250/Cerveza-Kunstmann-Valdivia-Pale-Lager-52%C2%B0-470-cc.jpg?v=638776410567030000",
    "productUrl": "https://www.jumbo.cl/cerveza-kunstmann-valdivia-pale-lager-5-2g-470-cc-1939660/p",
    "in_stock": true,
    "promo_text": "Lleva 4 por $3.990",
    "sku": "119313",
    "rating": 4.6,
    "description": null
  },
  {
    "id": "24592",
    "name": "Vino Santa Ema Select Terroir Reserva Chardonnay 750 cc",
    "brand": "Santa Ema",
    "category": "licores-bebidas-y-aguas",
    "price": 8690,
    "price_original": null,
    "currency": "CLP",
    "size": null,
    "unit_price": null,
    "image_url": "https://jumbocl.vteximg.com.br/arquivos/ids/305585-250-250/Vino-Select-Terroir-Chardonnay-750-cc.jpg?v=638776381677570000",
    "productUrl": "https://www.jumbo.cl/chardonnay-vi-a-santa-ema-13-5-750-cc/p",
    "in_stock": true,
    "promo_text": "3 por 2 a $17.381",
    "sku": "24592",
    "rating": 4.5,
    "description": null
  },
  {
    "id": "113883",
    "name": "Pack 4 un. Cerveza Dolbek Lager Belga 4.5° 330 cc",
    "brand": "D'olbek",
    "category": "licores-bebidas-y-aguas",
    "price": 6490,
    "price_original": 7890,
    "currency": "CLP",
    "size": null,
    "unit_price": null,
    "image_url": "https://jumbocl.vteximg.com.br/arquivos/ids/316065-250-250/Pack-4-un-Cerveza-Dolbek-Lager-Belga-45%C2%B0-330-cc.jpg?v=638776407312270000",
    "productUrl": "https://www.jumbo.cl/pack-4-unidades-cerveza-dolbek-lager-belga-4-5g-330-cc-1662774-pak/p",
    "in_stock": true,
    "promo_text": "Paga $5.990",
    "sku": "113883",
    "rating": 5,
    "description": null
  },
  {
    "id": "42724",
    "name": "Espumante Misiones de Rengo Demisec 750 cc",
    "brand": "Misiones de Rengo",
    "category": "licores-bebidas-y-aguas",
    "price": 6790,
    "price_original": null,
    "currency": "CLP",
    "size": null,
    "unit_price": null,
    "image_url": "https://jumbocl.vteximg.com.br/arquivos/ids/307568-250-250/Espumante-Misiones-de-Rengo-Demisec-750-cc.jpg?v=638776384992600000",
    "productUrl": "https://www.jumbo.cl/espumante-misiones-de-rengo-demi-sec-12-5-750-cc/p",
    "in_stock": true,
    "promo_text": "Paga $4.074",
    "sku": "42724",
    "rating": 5,
    "description": null
  },
  {
    "id": "43764",
    "name": "Pack 6 un. Bebida Coca-Cola Light 350 cc",
    "brand": "Coca-Cola",
    "category": "licores-bebidas-y-aguas",
    "price": 4190,
    "price_original": 5990,
    "currency": "CLP",
    "size": null,
    "unit_price": null,
    "image_url": "https://jumbocl.vteximg.com.br/arquivos/ids/357393-250-250/Pack-6-un-Bebida-Coca-Cola-light-350-ml.jpg?v=638776717529230000",
    "productUrl": "https://www.jumbo.cl/pack-bebida-coca-cola-light-6-unid-350cc-c-u/p",
    "in_stock": true,
    "promo_text": null,
    "sku": "43764",
    "rating": 5,
    "description": null
  },
  {
    "id": "102373",
    "name": "Gin Quintal Los Andes #1 43° 700 cc",
    "brand": "Quintal",
    "category": "licores-bebidas-y-aguas",
    "price": 13503,
    "price_original": 19290,
    "currency": "CLP",
    "size": null,
    "unit_price": 314023,
    "image_url": "https://jumbocl.vteximg.com.br/arquivos/ids/313789-250-250/Gin-Los-Andes--1-43%C2%B0-700-cc.jpg?v=638776400494130000",
    "productUrl": "https://www.jumbo.cl/gin-quintal-los-andes-1-700-ml-43g-1836999/p",
    "in_stock": true,
    "promo_text": "30% dcto.",
    "sku": "102373",
    "rating": null,
    "description": null
  },
  {
    "id": "80314",
    "name": "Jugo Prensado Bless 10 Betarraga, Zanahoria y Manzana 1 L",
    "brand": "Bless",
    "category": "licores-bebidas-y-aguas",
    "price": 5590,
    "price_original": null,
    "currency": "CLP",
    "size": null,
    "unit_price": null,
    "image_url": "https://jumbocl.vteximg.com.br/arquivos/ids/310989-250-250/Jugo-Prensado-Bless-10-Betarraga-Zanahoria-y-Manzana-1-L.jpg?v=638776392695470000",
    "productUrl": "https://www.jumbo.cl/jugo-prensado-bless-10-ara-fra-fru-ma-1l/p",
    "in_stock": true,
    "promo_text": null,
    "sku": "80314",
    "rating": 5,
    "description": null
  },
  {
    "id": "11331",
    "name": "Cerveza Gulden Draak Classic Quadruple 10.5° 330 cc",
    "brand": "Gulden Draak",
    "category": "licores-bebidas-y-aguas",
    "price": 3250,
    "price_original": null,
    "currency": "CLP",
    "size": null,
    "unit_price": null,
    "image_url": "https://jumbocl.vteximg.com.br/arquivos/ids/302544-250-250/Cerveza-Gulden-Draak-Classic-Quadruple-105%C2%B0-330-cc.jpg?v=638776376148130000",
    "productUrl": "https://www.jumbo.cl/cerveza-gulden-draak-classic-quadruple-10-5g-330-cc-639065/p",
    "in_stock": true,
    "promo_text": null,
    "sku": "11331",
    "rating": 5,
    "description": null
  },
  {
    "id": "103271",
    "name": "Gin Mombasa Club 41.5° 700 cc",
    "brand": "Mombasa",
    "category": "licores-bebidas-y-aguas",
    "price": 20993,
    "price_original": 29990,
    "currency": "CLP",
    "size": null,
    "unit_price": null,
    "image_url": "https://jumbocl.vteximg.com.br/arquivos/ids/314067-250-250/Gin-Mombasa-Club-415%C2%B0-700-cc.jpg?v=638776401231800000",
    "productUrl": "https://www.jumbo.cl/gin-mombasa-club-700cc-41-5-alc-1884155/p",
    "in_stock": true,
    "promo_text": "30% dcto.",
    "sku": "103271",
    "rating": 5,
    "description": null
  },
  {
    "id": "872",
    "name": "Néctar Watt's Durazno 1.5 L",
    "brand": "Watt's",
    "category": "licores-bebidas-y-aguas",
    "price": 1990,
    "price_original": null,
    "currency": "CLP",
    "size": null,
    "unit_price": null,
    "image_url": "https://jumbocl.vteximg.com.br/arquivos/ids/298227-250-250/Nectar-Watt-s-Durazno-15-L.jpg?v=638775749792500000",
    "productUrl": "https://www.jumbo.cl/nectar-watts-15-l-durazno-botella-boca-ancha-desechable/p",
    "in_stock": true,
    "promo_text": "Lleva 2 por $3.000",
    "sku": "872",
    "rating": 5,
    "description": null
  },
  {
    "id": "84975",
    "name": "Jugo Exprimido Bless 14 Naranja 1 L",
    "brand": "Bless",
    "category": "licores-bebidas-y-aguas",
    "price": 5690,
    "price_original": null,
    "currency": "CLP",
    "size": null,
    "unit_price": null,
    "image_url": "https://jumbocl.vteximg.com.br/arquivos/ids/311675-250-250/Jugo-Exprimido-Bless-14-Naranja-1-L.jpg?v=638776394340630000",
    "productUrl": "https://www.jumbo.cl/jugo-naranja-exprimido-1-l/p",
    "in_stock": true,
    "promo_text": null,
    "sku": "84975",
    "rating": null,
    "description": null
  },
  {
    "id": "24862",
    "name": "Vino Santa Ema Gran Reserva Sauvignon Blanc 750 cc",
    "brand": "Santa Ema",
    "category": "licores-bebidas-y-aguas",
    "price": 8990,
    "price_original": 11290,
    "currency": "CLP",
    "size": null,
    "unit_price": null,
    "image_url": "https://jumbocl.vteximg.com.br/arquivos/ids/305683-250-250/Vino-Santa-Ema-Gran-Reserva-Sauvignon-Blanc-750-cc.jpg?v=638776381742870000",
    "productUrl": "https://www.jumbo.cl/cabernet-sauvignon-vi-a-santa-ema-reserva/p",
    "in_stock": true,
    "promo_text": null,
    "sku": "24862",
    "rating": null,
    "description": null
  },
  {
    "id": "43805",
    "name": "Pack 4 un. Cerveza Kunstmann Bock 5.3° 330 cc",
    "brand": "Kunstmann",
    "category": "licores-bebidas-y-aguas",
    "price": 6490,
    "price_original": 7690,
    "currency": "CLP",
    "size": null,
    "unit_price": null,
    "image_url": "https://jumbocl.vteximg.com.br/arquivos/ids/307678-250-250/Pack-4-un-Cerveza-Kunstmann-Bock-53%C2%B0-330-cc.jpg?v=638776385181300000",
    "productUrl": "https://www.jumbo.cl/pack-4-unidades-cerveza-kunstmann-bock-5-3g-330-cc-263608-pak/p",
    "in_stock": true,
    "promo_text": "Paga $5.990",
    "sku": "43805",
    "rating": 5,
    "description": null
  },
  {
    "id": "76031",
    "name": "Gin Ophir 750 cc",
    "brand": "Ophir",
    "category": "licores-bebidas-y-aguas",
    "price": 23793,
    "price_original": 33990,
    "currency": "CLP",
    "size": null,
    "unit_price": null,
    "image_url": "https://jumbocl.vteximg.com.br/arquivos/ids/310512-250-250/Gin-Ophir-750-cc.jpg?v=638776391675200000",
    "productUrl": "https://www.jumbo.cl/gin-ophir-750-cc/p",
    "in_stock": true,
    "promo_text": "30% dcto.",
    "sku": "76031",
    "rating": null,
    "description": null
  },
  {
    "id": "105719",
    "name": "Pack 6 un. Cerveza Budweiser 5.0° 330 cc",
    "brand": "Budweiser",
    "category": "licores-bebidas-y-aguas",
    "price": 5290,
    "price_original": 6390,
    "currency": "CLP",
    "size": null,
    "unit_price": null,
    "image_url": "https://jumbocl.vteximg.com.br/arquivos/ids/314823-250-250/Pack-6-un-Cerveza-Budweiser-50%C2%B0-330-cc.jpg?v=638776402809300000",
    "productUrl": "https://www.jumbo.cl/pack-6-unidades-cerveza-budweiser-5-0g-330-cc-1895061-pak/p",
    "in_stock": true,
    "promo_text": "Lleva 2 por $9.990",
    "sku": "105719",
    "rating": 5,
    "description": null
  },
  {
    "id": "24590",
    "name": "Vino Santa Ema Select Terroir Reserva Cabernet Sauvignon 750 cc",
    "brand": "Santa Ema",
    "category": "licores-bebidas-y-aguas",
    "price": 8690,
    "price_original": null,
    "currency": "CLP",
    "size": null,
    "unit_price": null,
    "image_url": "https://jumbocl.vteximg.com.br/arquivos/ids/305481-250-250/Vino-Select-Terroir-Cabernet-Sauvignon-750-cc.jpg?v=638776381603470000",
    "productUrl": "https://www.jumbo.cl/cabernet-sauvignon-vi-a-santa-ema-13-5-750-cc/p",
    "in_stock": true,
    "promo_text": "3 por 2 a $17.381",
    "sku": "24590",
    "rating": 5,
    "description": null
  },
  {
    "id": "25202",
    "name": "Espumante Método Tradicional Viñamar Extra Brut 750 cc",
    "brand": "Viñamar",
    "category": "licores-bebidas-y-aguas",
    "price": 11893,
    "price_original": 16990,
    "currency": "CLP",
    "size": null,
    "unit_price": null,
    "image_url": "https://jumbocl.vteximg.com.br/arquivos/ids/305682-250-250/Espumante-Metodo-Tradicional-Vinamar-Extra-Brut-750-cc.jpg?v=638776381741930000",
    "productUrl": "https://www.jumbo.cl/espumante-vina-mar-champenoise-750-cc/p",
    "in_stock": true,
    "promo_text": "30% dcto.",
    "sku": "25202",
    "rating": 5,
    "description": null
  },
  {
    "id": "323",
    "name": "Agua Purificada Nestlé Sin Gas Pura Vida 6 L",
    "brand": "Nestlé",
    "category": "licores-bebidas-y-aguas",
    "price": 1890,
    "price_original": 2090,
    "currency": "CLP",
    "size": null,
    "unit_price": null,
    "image_url": "https://jumbocl.vteximg.com.br/arquivos/ids/297849-250-250/Agua-Purificada-Nestle-Sin-Gas-Pura-Vida-6-L.jpg?v=638775744176570000",
    "productUrl": "https://www.jumbo.cl/agua-mineral-sin-gas-nestle-bidon-de-6-l-pure-life/p",
    "in_stock": true,
    "promo_text": null,
    "sku": "323",
    "rating": 5,
    "description": null
  },
  {
    "id": "81470",
    "name": "Pisco Mal Paso Pedro Jiménez 40° 750 cc",
    "brand": "Mal Paso",
    "category": "licores-bebidas-y-aguas",
    "price": 7693,
    "price_original": 10990,
    "currency": "CLP",
    "size": null,
    "unit_price": null,
    "image_url": "https://jumbocl.vteximg.com.br/arquivos/ids/311204-250-250/Pisco-Mal-Paso-Pedro-Jimenez-40%C2%B0-750-cc.jpg?v=638776393142070000",
    "productUrl": "https://www.jumbo.cl/pisco-mal-paso-pedro-jimenez-40-750-cc/p",
    "in_stock": true,
    "promo_text": "30% dcto.",
    "sku": "81470",
    "rating": 5,
    "description": null
  },
  {
    "id": "25438",
    "name": "Espumante Método Tradicional Miguel Torres Estelado Rosé 750 cc",
    "brand": "Miguel Torres",
    "category": "licores-bebidas-y-aguas",
    "price": 8953,
    "price_original": 12790,
    "currency": "CLP",
    "size": null,
    "unit_price": null,
    "image_url": "https://jumbocl.vteximg.com.br/arquivos/ids/306193-250-250/Cepas-Especiales-Estelado-Miguel-Torres-750-cc.jpg?v=638776382110400000",
    "productUrl": "https://www.jumbo.cl/cepas-especiales-santa-digna-750-ml-estelado/p",
    "in_stock": true,
    "promo_text": "30% dcto.",
    "sku": "25438",
    "rating": 5,
    "description": null
  },
  {
    "id": "11426",
    "name": "Espumante Undurraga Brut Royal 750 cc",
    "brand": "Undurraga",
    "category": "licores-bebidas-y-aguas",
    "price": 5593,
    "price_original": 7990,
    "currency": "CLP",
    "size": null,
    "unit_price": null,
    "image_url": "https://jumbocl.vteximg.com.br/arquivos/ids/302731-250-250/Espumante-Brut-Royal-750-cc.jpg?v=638776376294530000",
    "productUrl": "https://www.jumbo.cl/champana-brut-royal-undurraga-750-cc-2/p",
    "in_stock": true,
    "promo_text": "30% dcto.",
    "sku": "11426",
    "rating": 5,
    "description": null
  },
  {
    "id": "99585",
    "name": "Gin Quintal Franklin 43° 700 cc",
    "brand": "Quintal",
    "category": "licores-bebidas-y-aguas",
    "price": 13503,
    "price_original": 19290,
    "currency": "CLP",
    "size": null,
    "unit_price": 314023,
    "image_url": "https://jumbocl.vteximg.com.br/arquivos/ids/313330-250-250/Gin-Franklin-43%C2%B0gl-700-cc.jpg?v=638776399436530000",
    "productUrl": "https://www.jumbo.cl/gin-quintal-franklin-1-700ml-43g-1836997/p",
    "in_stock": true,
    "promo_text": "30% dcto.",
    "sku": "99585",
    "rating": null,
    "description": null
  },
  {
    "id": "411",
    "name": "Bebida Kem 1.5 L",
    "brand": "Kem",
    "category": "licores-bebidas-y-aguas",
    "price": 2050,
    "price_original": null,
    "currency": "CLP",
    "size": null,
    "unit_price": null,
    "image_url": "https://jumbocl.vteximg.com.br/arquivos/ids/297903-250-250/Bebida-Kem-15-L.jpg?v=638775744974370000",
    "productUrl": "https://www.jumbo.cl/bebida-kem-15-l-botella-desechable/p",
    "in_stock": true,
    "promo_text": null,
    "sku": "411",
    "rating": 5,
    "description": null
  },
  {
    "id": "11327",
    "name": "Cerveza Franziskaner Dunkel 5.0° 500 cc",
    "brand": "Franziskaner",
    "category": "licores-bebidas-y-aguas",
    "price": 2790,
    "price_original": null,
    "currency": "CLP",
    "size": null,
    "unit_price": null,
    "image_url": "https://jumbocl.vteximg.com.br/arquivos/ids/302457-250-250/Cerveza-Franziskaner-Dunkel-50%C2%B0-500-cc.jpg?v=638776376088800000",
    "productUrl": "https://www.jumbo.cl/cerveza-franziskaner-dunkel-5-0g-500-cc-263568/p",
    "in_stock": true,
    "promo_text": null,
    "sku": "11327",
    "rating": 5,
    "description": null
  },
  {
    "id": "44323",
    "name": "Cerveza Flensburger Weizen 5.1° 330 cc",
    "brand": "Flensburger",
    "category": "licores-bebidas-y-aguas",
    "price": 2490,
    "price_original": null,
    "currency": "CLP",
    "size": null,
    "unit_price": null,
    "image_url": "https://jumbocl.vteximg.com.br/arquivos/ids/307573-250-250/Cerveza-Flensburger-Weizen-51%C2%B0-330-cc.jpg?v=638776385004200000",
    "productUrl": "https://www.jumbo.cl/cerveza-flensburger-weizen-5-1g-330-cc-1168925/p",
    "in_stock": true,
    "promo_text": null,
    "sku": "44323",
    "rating": 5,
    "description": null
  },
  {
    "id": "76229",
    "name": "Vino Lambrusco Piccini Rosso Emilia 750 cc",
    "brand": "Piccini",
    "category": "licores-bebidas-y-aguas",
    "price": 5990,
    "price_original": null,
    "currency": "CLP",
    "size": null,
    "unit_price": null,
    "image_url": "https://jumbocl.vteximg.com.br/arquivos/ids/310651-250-250/Vino-Piccini-Lambrusco-Rosso-Emilia-750-cc.jpg?v=638776391967570000",
    "productUrl": "https://www.jumbo.cl/lambrusco-rosso-emilia-piccini-750-ml/p",
    "in_stock": true,
    "promo_text": "3 por 2 a $11.981",
    "sku": "76229",
    "rating": 4.6,
    "description": null
  },
  {
    "id": "24857",
    "name": "Vino Santa Ema Gran Reserva Pinot Noir 750 cc",
    "brand": "Santa Ema",
    "category": "licores-bebidas-y-aguas",
    "price": 8990,
    "price_original": 11290,
    "currency": "CLP",
    "size": null,
    "unit_price": null,
    "image_url": "https://jumbocl.vteximg.com.br/arquivos/ids/305466-250-250/Vino-Santa-Ema-Gran-Reserva-Pinot-Noir-750-cc.jpg?v=638776381593630000",
    "productUrl": "https://www.jumbo.cl/pinot-noir-vi-a-santa-ema-reserva-12-750-cc/p",
    "in_stock": true,
    "promo_text": null,
    "sku": "24857",
    "rating": null,
    "description": null
  },
  {
    "id": "11906",
    "name": "Vino Miguel Torres Santa Digna Gran Reserva Cabernet Sauvignon 750 cc",
    "brand": "Miguel Torres",
    "category": "licores-bebidas-y-aguas",
    "price": 6190,
    "price_original": 8890,
    "currency": "CLP",
    "size": null,
    "unit_price": null,
    "image_url": "https://jumbocl.vteximg.com.br/arquivos/ids/303058-250-250/Vino-Cabernet-Sauvignon-Santa-Digna-Vi%C3%B1a-Miguel-Torres-700-cc.jpg?v=638776376579430000",
    "productUrl": "https://www.jumbo.cl/cabernet-sauvignon-santa-digna-vina-miguel-torres-700-cc/p",
    "in_stock": true,
    "promo_text": "3 por 2 a $17.781",
    "sku": "11906",
    "rating": 5,
    "description": null
  },
  {
    "id": "131345",
    "name": "Cerveza Altamira Amber Ale 5.3° 473 cc",
    "brand": "Altamira",
    "category": "licores-bebidas-y-aguas",
    "price": 3190,
    "price_original": null,
    "currency": "CLP",
    "size": null,
    "unit_price": null,
    "image_url": "https://jumbocl.vteximg.com.br/arquivos/ids/320902-250-250/Cerveza-Altamira-Amber-Ale-53%C2%B0-473-cc.jpg?v=638776422058700000",
    "productUrl": "https://www.jumbo.cl/cerveza-altamira-amber-ale-5-3g-473-cc-1975646/p",
    "in_stock": true,
    "promo_text": null,
    "sku": "131345",
    "rating": null,
    "description": null
  },
  {
    "id": "81927",
    "name": "Gin La República Andina 42° 700 cc",
    "brand": "La República",
    "category": "licores-bebidas-y-aguas",
    "price": 11893,
    "price_original": 16990,
    "currency": "CLP",
    "size": null,
    "unit_price": null,
    "image_url": "https://jumbocl.vteximg.com.br/arquivos/ids/311242-250-250/Gin-andina-42%C2%B0-700-cc.jpg?v=638776393185900000",
    "productUrl": "https://www.jumbo.cl/gin-la-republica-andina-42-700cc/p",
    "in_stock": true,
    "promo_text": "30% dcto.",
    "sku": "81927",
    "rating": 5,
    "description": null
  },
  {
    "id": "132228",
    "name": "Espumante Viñamar Brut Nature 750 cc",
    "brand": "Viñamar",
    "category": "licores-bebidas-y-aguas",
    "price": 9443,
    "price_original": 13490,
    "currency": "CLP",
    "size": null,
    "unit_price": null,
    "image_url": "https://jumbocl.vteximg.com.br/arquivos/ids/321373-250-250/Espumante-Vinamar-Brut-Nature-750-cc.jpg?v=638776423096700000",
    "productUrl": "https://www.jumbo.cl/esp-vina-mar-natur-brut-750cc-12-g-1980546/p",
    "in_stock": true,
    "promo_text": "30% dcto.",
    "sku": "132228",
    "rating": 5,
    "description": null
  },
  {
    "id": "144498",
    "name": "Jugo Fresco Watt's Naranja Mix 1.6 L",
    "brand": "Watt's",
    "category": "licores-bebidas-y-aguas",
    "price": 5540,
    "price_original": null,
    "currency": "CLP",
    "size": null,
    "unit_price": null,
    "image_url": "https://jumbocl.vteximg.com.br/arquivos/ids/341264-250-250/Jugo-Fresco-Watt-s-Naranja-Mix-16-L.jpg?v=638776441562370000",
    "productUrl": "https://www.jumbo.cl/jugo-fresco-naranja-mix-watts-1-6lt-2020058/p",
    "in_stock": true,
    "promo_text": "Paga $3.878",
    "sku": "144498",
    "rating": 5,
    "description": null
  },
  {
    "id": "75856",
    "name": "Espumante Ambassador Moscato 750 cc",
    "brand": "Ambassador",
    "category": "licores-bebidas-y-aguas",
    "price": 3983,
    "price_original": 5690,
    "currency": "CLP",
    "size": null,
    "unit_price": null,
    "image_url": "https://jumbocl.vteximg.com.br/arquivos/ids/310595-250-250/Espumante-Moscato-12%C2%B0-750-cc.jpg?v=638776391870300000",
    "productUrl": "https://www.jumbo.cl/espumante-ambassador-moscat-d750cc/p",
    "in_stock": true,
    "promo_text": "30% dcto.",
    "sku": "75856",
    "rating": 4.5,
    "description": null
  },
  {
    "id": "147901",
    "name": "Bebida Energética Red Bull Zero 250 ml",
    "brand": "Red Bull",
    "category": "licores-bebidas-y-aguas",
    "price": 1790,
    "price_original": null,
    "currency": "CLP",
    "size": null,
    "unit_price": null,
    "image_url": "https://jumbocl.vteximg.com.br/arquivos/ids/414371-250-250/ENERGETICA-RBULL.jpg?v=638799203945030000",
    "productUrl": "https://www.jumbo.cl/energetica-rbull/p",
    "in_stock": true,
    "promo_text": "Lleva 2 por $2.790",
    "sku": "147901",
    "rating": null,
    "description": null
  },
  {
    "id": "25481",
    "name": "Bebida Energética Red Bull Tropical 250 ml",
    "brand": "Red Bull",
    "category": "licores-bebidas-y-aguas",
    "price": 1790,
    "price_original": null,
    "currency": "CLP",
    "size": null,
    "unit_price": null,
    "image_url": "https://jumbocl.vteximg.com.br/arquivos/ids/527821-250-250/Bebida-Energetica-Red-Bull-Tropical-250-ml.jpg?v=638967404470570000",
    "productUrl": "https://www.jumbo.cl/bebida-energetica-red-bull-250-ml-summer-edition/p",
    "in_stock": true,
    "promo_text": "Lleva 2 por $2.790",
    "sku": "25481",
    "rating": null,
    "description": null
  },
  {
    "id": "120026",
    "name": "Vino Carmen Frida Kahlo Reserva Carmenere 750 cc",
    "brand": "Carmen",
    "category": "licores-bebidas-y-aguas",
    "price": 3990,
    "price_original": 5890,
    "currency": "CLP",
    "size": null,
    "unit_price": null,
    "image_url": "https://jumbocl.vteximg.com.br/arquivos/ids/317293-250-250/Vino-Carmen-Frida-Kahlo-Reserva-Carmenere-750-cc.jpg?v=638776411271070000",
    "productUrl": "https://www.jumbo.cl/vino-carmen-f-kahlo-r-carm-750cc-12-7-1937217/p",
    "in_stock": true,
    "promo_text": "3 por 2 a $11.781",
    "sku": "120026",
    "rating": 4.6,
    "description": null
  },
  {
    "id": "11954",
    "name": "Vino Cono Sur Bicicleta Reserva Carmenere 750 cc",
    "brand": "Cono Sur",
    "category": "licores-bebidas-y-aguas",
    "price": 3390,
    "price_original": 4090,
    "currency": "CLP",
    "size": null,
    "unit_price": null,
    "image_url": "https://jumbocl.vteximg.com.br/arquivos/ids/302363-250-250/Vino-Cono-Sur-Bicicleta-Reserva-Carmenere-750-cc.jpg?v=638776376019830000",
    "productUrl": "https://www.jumbo.cl/carmenere-bicicleta-vina-cono-sur-750-cc/p",
    "in_stock": true,
    "promo_text": "3 por 2 a $8.180",
    "sku": "11954",
    "rating": 3.8,
    "description": null
  },
  {
    "id": "72432",
    "name": "Néctar del Valle Piña 0% Azúcar Añadida 1.5 L",
    "brand": "Del Valle",
    "category": "licores-bebidas-y-aguas",
    "price": 1790,
    "price_original": null,
    "currency": "CLP",
    "size": null,
    "unit_price": null,
    "image_url": "https://jumbocl.vteximg.com.br/arquivos/ids/362485-250-250/Nectar-Del-Valle-Pi%C3%B1a-0--Azucar-A%C3%B1adida-15-L.jpg?v=638776743247930000",
    "productUrl": "https://www.jumbo.cl/nec-andina-del-valle-pina-light-bot-1-5l/p",
    "in_stock": true,
    "promo_text": "Lleva 2 por $2.690",
    "sku": "72432",
    "rating": 5,
    "description": null
  },
  {
    "id": "11980",
    "name": "Vino Ventisquero Queulat Gran Reserva Carmenere 750 cc",
    "brand": "Ventisquero",
    "category": "licores-bebidas-y-aguas",
    "price": 7990,
    "price_original": 10490,
    "currency": "CLP",
    "size": null,
    "unit_price": null,
    "image_url": "https://jumbocl.vteximg.com.br/arquivos/ids/302526-250-250/Vino-Carmenere-Ventisquero-Reserva-750-cc.jpg?v=638776376136570000",
    "productUrl": "https://www.jumbo.cl/carmenere-ventisquero-reserva-750-cc/p",
    "in_stock": true,
    "promo_text": "3 por 2 a $20.981",
    "sku": "11980",
    "rating": 4,
    "description": null
  }
]
